3250 5059
231 424 361 494 xxxviii
423 424 587 493 VIRGIL
610 425 710 493 ΛΝΒ
731 426 811 494 HIS
834 427 899 495 AN
902 426 1042 495 OIENT
1065 428 1253 498 CRITIOS.

230 602 420 663 reverentiae
443 602 621 661 matronalis
643 601 795 674 educitur,
819 602 926 661 sedet
951 622 1007 680 per
1033 604 1142 663 urbem
1164 606 1298 665 mediam
1319 607 1443 684 cogitur

231 696 331 755 facere
345 696 517 754 discursus:
539 714 596 753 nec
605 695 663 754 hoc
677 698 822 754 contenta
835 695 927 753 silvas
941 695 1019 773 petit
1032 696 1139 755 accitis
1152 698 1278 776 reliquis
1291 701 1443 761 matribus

231 788 266 846 in
285 787 462 846 societatem
481 786 603 844 furoris.
644 785 821 844 Bacchatur
843 786 954 845 chorus
973 787 1126 864 quondam
1147 789 1287 866 pudicus,
1304 796 1336 850 et
1355 793 1444 869 orgia

233 879 341 938 insana
354 879 553 937 celebrantur.
589 877 671 951 Quid
685 875 797 955 plura?
833 877 1009 937 Maluissem
1018 880 1178 939 Maronem
1192 886 1223 940 et
1236 883 1268 940 in
1283 883 1340 942 hac
1353 889 1443 961 parte

232 971 315 1049 apud
342 975 499 1030 auctorem
526 990 615 1029 suum
642 970 691 1029 vel
716 970 801 1048 apud
828 972 993 1048 quemlibet
1021 971 1206 1031 Graecorum
1233 974 1328 1033 alium
1362 975 1445 1053 quod

234 1067 412 1141 sequeretur
423 1062 595 1121 habuisse.''

275 1155 373 1214 There
393 1154 419 1212 is
439 1174 479 1212 no
500 1153 596 1212 doubt
614 1153 710 1212 about
731 1152 784 1211 the
805 1152 924 1211 caunas
943 1153 976 1213 of
996 1154 1057 1212 this
1078 1154 1177 1229 critic,
1192 1155 1263 1216 who
1283 1177 1442 1236 expresses

235 1247 358 1306 himself
377 1246 410 1304 in
430 1266 449 1304 a
468 1265 600 1305 nervous
613 1245 706 1305 Latin
725 1245 804 1322 style
825 1245 859 1304 of
877 1246 977 1305 which
991 1245 1008 1303 I
1024 1247 1102 1305 shall
1120 1248 1199 1308 have
1217 1254 1250 1307 to
1269 1251 1339 1327 give
1359 1273 1443 1313 some

235 1359 319 1398 more
333 1339 486 1398 iustanees
498 1338 605 1397 below.
646 1337 730 1396 Talae
740 1337 789 1395 ior
800 1337 938 1396 instance
952 1338 1004 1395 the
1017 1338 1175 1418 following
1187 1342 1322 1401 remarks
1336 1364 1376 1402 on
1390 1346 1444 1405 the

235 1429 390 1506 Virgilian
410 1429 472 1488 and
492 1427 636 1488 Homeris
656 1429 842 1505 catalogum,
862 1429 965 1487 which
990 1429 1007 1487 Ι
1034 1436 1147 1489 cannot
1172 1431 1242 1510 help
1265 1436 1443 1513 suspeeting

235 1540 287 1580 are
307 1522 387 1580 from
408 1520 460 1579 the
480 1541 564 1579 same
581 1520 674 1580 hand.
723 1520 859 1579 Macrob.
877 1521 904 1579 5.
922 1520 969 1580 15.
986 1521 1004 1578 2
1019 1520 1200 1582 “Homerus
1218 1527 1441 1602 praetermissis

235 1614 367 1672 Athenis
379 1632 415 1672 ao
428 1612 652 1672 lacedaemone
665 1613 714 1671 vel
734 1611 810 1689 ipsis
823 1611 971 1691 Mycenis,
987 1612 1067 1671 unde
1081 1618 1146 1673 erat
1164 1619 1264 1675 rector
1277 1618 1440 1691 exercitus,

235 1705 392 1765 Boeotiam
404 1705 438 1763 in
451 1705 583 1782 catalogi
595 1705 645 1764 sui
658 1704 758 1783 eapite
770 1704 891 1775 locavit,
901 1725 964 1763 non
977 1705 1017 1764 ob
1029 1704 1088 1764 loci
1102 1705 1236 1784 aliquam
1249 1709 1442 1785 dignitatem,

235 1797 289 1858 sed
311 1797 503 1855 notissimum
525 1797 773 1874 promuntorium
794 1796 836 1855 ad
859 1796 1018 1855 exordium
1045 1796 1105 1856 sibi
1131 1800 1314 1860 narrationis
1338 1801 1442 1877 elegit,

235 1892 317 1950 unde
336 1890 533 1967 progrediens
552 1890 643 1950 modo
662 1889 886 1948 mediterranea
899 1889 990 1949 modo
1004 1889 1158 1948 maritima
1169 1891 1274 1951 iuncta
1288 1893 1442 1968 describit,

234 1982 306 2042 inde
320 2001 425 2040 rursus
442 1981 482 2039 ad
501 1985 666 2059 utrumque
684 1981 779 2040 situm
798 1980 1028 2040 cohaerentium
1046 1982 1182 2040 locorum
1201 1983 1360 2062 disciplina
1374 1985 1440 2044 des-

235 2076 379 2138 cribentis
406 2075 492 2134 velut
522 2075 582 2134 iter
607 2074 727 2153 agentis
750 2075 887 2146 accedit,
915 2095 972 2134 nec
1005 2075 1067 2134 nllo
1101 2077 1182 2135 saltu
1215 2079 1442 2138 cohaerentiam

235 2171 393 2248 regionum
406 2169 441 2227 in
453 2169 532 2227 libro
553 2189 609 2228 sno
628 2169 713 2227 hiare
733 2168 896 2245 permittit,
911 2167 965 2226 sed
984 2167 1042 2227 hoc
1056 2167 1161 2228 viandi
1176 2190 1260 2229 more
1275 2173 1442 2249 procedens

235 2262 316 2321 redit
328 2260 409 2320 unde
425 2260 580 2338 digressus
601 2264 656 2330 est,
676 2264 709 2319 et
729 2260 775 2318 ita
793 2259 902 2317 finitur
921 2258 1068 2336 quiequid
1086 2262 1275 2322 enumeratio
1295 2264 1360 2322 eius
1378 2283 1442 2322 am·

234 2354 395 2431 plectitur;
429 2356 536 2410 contra
563 2351 719 2427 Vergilius
752 2351 874 2408 nullum
906 2350 940 2408 in
966 2352 1239 2411 commemorandis
1265 2355 1443 2432 regionibns

234 2447 372 2505 ordinem
385 2450 495 2516 servat,
509 2445 563 2503 sed
576 2446 712 2504 locorum
725 2444 834 2503 seriem
848 2444 976 2503 saltibus
991 2444 1113 2503 lacerat.
1154 2445 1292 2505 Adducit
1309 2449 1444 2524 primum

235 2540 340 2600 Clusio
366 2544 397 2598 et
425 2537 511 2597 Cosis
537 2538 720 2607 Massicum3
753 2536 837 2596 Abas
862 2537 947 2596 hune
973 2538 1114 2614 sequitur
1140 2558 1234 2597 manu
1257 2540 1445 2618 Populoniae

233 2631 377 2709 Ilvaeque
403 2631 585 2703 comitatus,
613 2636 682 2709 post
703 2630 759 2690 hos
778 2629 886 2688 Asilan
906 2629 1057 2688 miserunt
1078 2630 1175 2703 Pisae,
1196 2651 1275 2708 quae
1295 2632 1330 2690 in
1350 2652 1444 2710 quam

234 2724 402 2801 longinqua
410 2722 472 2780 sint
481 2721 623 2781 Etruriae
634 2726 722 2800 parte
732 2722 836 2780 notius
850 2727 897 2779 est
911 2741 1002 2799 quam
1017 2725 1054 2779 ut
1067 2721 1277 2781 adnotandum
1291 2723 1350 2795 sit;
1371 2725 1445 2784 inde

233 2836 306 2875 mex
325 2816 405 2874 redit
426 2813 520 2873 Caere
540 2820 572 2873 et
594 2814 713 2893 Pyrgos
733 2819 766 2874 et
787 2813 957 2886 Graviscae,
983 2814 1052 2873 loca
1072 2815 1139 2872 urbi
1163 2815 1310 2892 proxima,
1331 2816 1444 2893 quibus

234 2908 345 2967 ducem
359 2904 505 2965 Asturam
525 2906 627 2977 dedit3
648 2906 721 2965 hine
741 2906 823 2983 rapit
842 2905 931 2963 illum
952 2904 1075 2964 Cinirns
1092 2905 1133 2963 ad
1151 2904 1317 2983 Liguriam,
1340 2906 1446 2967 Ocnus

234 2998 402 3057 Mantuam
457 2998 519 3058 Sed
545 3018 601 3057 nec
630 2997 665 3055 in
695 2999 833 3074 catalogo
857 2997 1046 3057 auxiliorum
1074 2997 1179 3069 Turni,
1204 2999 1230 3056 si
1251 2999 1325 3058 velis
1350 3003 1445 3058 situm

235 3093 372 3151 locorum
397 3096 499 3151 mente
530 3112 718 3171 percurrere,
741 3091 879 3151 invenies
911 3091 1000 3149 illum
1033 3089 1251 3151 continentiam
1284 3093 1445 3170 regionum

235 3184 405 3244 secutum.''

276 3275 349 3334 And
362 3276 461 3355 again,
476 3275 553 3334 with
565 3274 675 3352 regard
689 3279 720 3334 te
734 3275 788 3333 the
801 3275 880 3350 style
900 3274 934 3333 of
951 3273 1005 3332 the
1018 3278 1079 3334 two
1093 3273 1276 3351 catalognes,
1290 3273 1306 3351 ᾗ
1321 3275 1369 3348 14,
1383 3278 1401 3305 “
1410 3276 1445 3336 in

235 3369 374 3447 catalogo
395 3389 451 3428 sno
476 3368 595 3427 curavit
618 3368 777 3446 Vergilius
797 3367 896 3426 vitare
916 3366 1083 3438 fastidium,
1106 3365 1187 3445 quod
1209 3366 1362 3426 Homerus
1383 3369 1445 3427 alia

235 3464 354 3522 ratione
363 3482 424 3520 non
435 3461 517 3521 eavit
528 3460 634 3519 eadem
644 3460 744 3538 figura
761 3479 850 3538 saepe
868 3460 1006 3536 repetita,
1021 3457 1048 3517 οἲ
1058 3456 1081 3517 8⁴
1090 3455 1263 3533 Ἀσπληδόν’
1272 3458 1372 3529 ἔναιον,
1383 3459 1410 3519 οἳ
1421 3458 1446 3520 δ’

236 3554 365 3630 Εὔβοιαν
379 3553 453 3632 ἔχον.
475 3598 482 3611 .
505 3598 511 3610 .
535 3597 541 3611 .
564 3552 626 3610 Hie
646 3557 749 3611 autem
767 3552 876 3621 variat,
891 3551 1122 3622 velutdedecns
1139 3555 1194 3609 aut
1214 3549 1329 3609 crimen
1342 3554 1445 3613 vitans

235 3646 455 3724 repetitionem,
472 3645 588 3722 primm
603 3645 663 3702 init
681 3645 788 3703 bellam
808 3643 966 3720 Tyrrhenis
987 3663 1072 3720 asper
1091 3645 1128 3702 ab
1146 3643 1211 3702 eris.
1261 3643 1358 3702 Filiam
1374 3646 1446 3703 lucie

234 3740 320 3796 iacto
332 3738 454 3796 Laruae.
477 3780 484 3795 .
507 3780 514 3794 .
536 3779 544 3794 .
564 3736 631 3796 Has
644 3737 747 3815 copias
761 3735 891 3795 fortasse
904 3738 994 3813 putat
1006 3736 1117 3812 aliquis
1132 3734 1251 3795 divinae
1269 3735 1314 3794 illi
1328 3737 1444 3815 simpli-

236 3831 325 3891 citati
338 3830 572 3909 praeferendas3
593 3830 646 3889 aad
659 3829 759 3890 neseio
774 3849 835 3906 quo
850 3828 940 3888 modo
955 3827 1124 3888 Homerum
1137 3828 1277 3905 repetitio
1290 3829 1344 3889 illa
1356 3831 1446 3890 unice

236 3922 332 3993 decet,
349 3926 381 3980 et
400 3926 448 3981 est
468 3920 559 4000 genio
579 3921 699 3996 antiqui
719 3924 829 3999 poetae
849 3920 944 3997 digna
957 3920 1239 3997 enumerationique
1252 3922 1445 3995 conveniens,

236 4014 318 4092 quod
336 4014 369 4070 in
386 4013 461 4084 loeo,
475 4032 558 4071 mera
575 4013 700 4071 nomina
717 4014 880 4082 relaturus,
894 4031 956 4070 non
969 4010 1146 4069 incurvavit
1159 4030 1190 4070 se
1211 4031 1309 4089 neque
1327 4014 1446 4073 minute

235 4107 325 4167 tersit
346 4106 523 4165 deducendo
547 4106 651 4165 stilum
670 4126 727 4184 per
747 4105 940 4183 singulorum
964 4103 1137 4176 varietates,
1159 4102 1212 4161 sed
1233 4109 1295 4162 stat
1317 4103 1350 4163 in
1372 4126 1444 4164 con·

235 4200 396 4260 suetudine
418 4200 667 4277 percensentium,
692 4204 849 4277 tamquam
871 4217 927 4275 per
949 4197 1046 4257 aciem
1068 4196 1229 4276 dispositos
1252 4217 1443 4274 enumerans,

235 4292 317 4372 quod
330 4310 392 4350 non
406 4292 474 4351 aliis
488 4312 580 4369 quam
592 4311 790 4352 numerorum
804 4292 839 4349 fit
857 4289 1042 4363 vocabulis,”
1055 4287 1107 4347 duc.
1139 4288 1174 4364 ἧς
1190 4289 1267 4349 6-9
1281 4309 1333 4348 are
1346 4291 1378 4348 in
1392 4291 1447 4352 the

234 4404 317 4444 same
338 4384 425 4462 style,
444 4384 581 4463 blaming
598 4382 702 4461 Virgil
722 4381 773 4441 ior
789 4380 989 4458 introducing
1009 4400 1114 4439 names
1135 4380 1201 4439 into
1219 4380 1268 4439 his
1288 4384 1444 4444 narrative

234 4478 336 4540 which
348 4478 387 4538 he
400 4478 455 4538 has
468 4478 596 4538 omitted
609 4478 642 4538 iu
655 4478 703 4538 his
722 4477 891 4554 catalogue,
906 4475 968 4535 and
980 4476 1126 4554 omitting
1138 4494 1178 4534 on
1192 4475 1245 4534 the
1258 4476 1348 4535 other
1360 4477 1443 4537 hand
