3250 5059
248 446 351 512 xxxvi
438 443 603 510 VIRGIL
626 443 726 511 AND
748 443 828 511 Hls
850 443 1058 511 ANOIENT
1081 444 1270 514 CRITICS.

475 620 640 685 Antiphaten
651 619 816 684 Scyllamque
827 623 923 671 etcum
934 619 1045 685 Cyclope
1057 618 1228 685 Charybdim:

473 697 529 747 Nec
540 696 653 746 reditum
666 696 799 746 Diomedis
810 697 844 746 ab
855 697 964 747 interitu
975 697 1112 758 Meleagri,

474 774 530 824 Nec
541 775 645 838 gemino
655 772 752 823 bellum
763 773 904 823 Troianum
915 774 1016 823 orditur
1024 772 1058 824 ab
1069 789 1133 831 cvc:

477 850 581 914 Semper
592 850 624 900 ad
637 854 757 900 eventum
769 850 885 910 festinat,
896 853 924 900 et
934 851 961 900 in
972 850 1070 900 medias
1081 865 1121 900 res

476 927 536 976 Non
547 942 620 977 secus
630 941 661 976 ac
671 929 746 976 notas
757 926 902 977 auditorem
913 927 1006 992 rapit,”
1017 928 1060 977 &a

290 1082 307 1140 Ι
330 1102 379 1142 am
401 1081 533 1141 inclined
555 1086 587 1141 to
609 1081 701 1140 think
719 1080 789 1140 that
810 1079 873 1138 this
896 1100 1025 1158 passage
1047 1080 1140 1157 again
1162 1081 1189 1139 is
1210 1081 1357 1140 intended
1380 1102 1414 1141 as
1440 1103 1460 1141 a

250 1173 374 1232 defence
394 1174 427 1233 cf
447 1174 561 1250 Virgil.
602 1170 646 1230 At
666 1193 726 1247 any
746 1176 821 1241 rate,
843 1171 897 1230 the
917 1172 1005 1249 point
1025 1172 1057 1229 in
1077 1173 1219 1249 question
1234 1172 1261 1230 is
1281 1173 1399 1231 treated
1418 1174 1461 1251 by

249 1265 303 1324 the
323 1267 407 1344 early
426 1269 670 1334 commentatore,
685 1263 746 1323 and
766 1265 799 1321 in
820 1264 868 1322 his
889 1264 976 1341 reply
996 1269 1027 1323 to
1049 1265 1101 1323 the
1123 1266 1322 1325 obtrectatores
1339 1265 1461 1343 Verpitii

250 1378 296 1416 we
309 1357 400 1415 know
414 1358 483 1415 that
497 1356 650 1414 Asconius
663 1361 709 1414 set
723 1355 848 1413 himself
865 1356 901 1413 in
920 1356 1087 1433 particular
1109 1362 1140 1415 tc
1161 1376 1280 1416 answer
1293 1358 1458 1417 criticisms

249 1449 328 1507 circo
340 1449 499 1520 historiam,
514 1447 617 1506 which
630 1446 739 1516 would,
753 1445 769 1504 I
783 1466 922 1525 suppose,
937 1447 1060 1506 include
1078 1448 1302 1509 uniavcurable
1321 1450 1460 1509 remarks

250 1560 290 1600 cn
304 1541 357 1598 the
370 1540 460 1599 order
472 1540 505 1598 cf
518 1539 571 1597 the
585 1538 747 1597 narrative.

291 1632 372 1690 That
392 1630 467 1691 such
486 1630 623 1689 remarks
642 1629 705 1688 had
725 1631 802 1689 been
822 1629 912 1689 made
931 1649 1059 1708 appears
1088 1631 1202 1710 clearly
1221 1631 1302 1691 ircm
1324 1630 1458 1704 Servius,

249 1724 327 1782 Aen.
342 1744 372 1801 p.
390 1720 562 1801 4(Thi10):
586 1722 689 1781 “ordo
709 1741 831 1799 quoque
852 1721 1033 1781 manifestus
1047 1726 1102 1792 est,
1116 1723 1188 1782 lieet
1208 1724 1331 1801 quidem
1353 1723 1459 1782 dicant

249 1816 417 1874 seeundum
439 1812 578 1894 (librum)
601 1814 733 1892 primum
754 1833 827 1884 esse,
848 1814 977 1871 tertium
996 1814 1172 1886 secuudum,
1194 1821 1226 1873 et
1245 1815 1379 1892 primum
1398 1821 1459 1874 ter·

249 1909 327 1966 tium
350 1953 356 1967 .
377 1954 385 1968 .
409 1954 416 1967 .
437 1909 607 1967 nescientes
621 1908 699 1967 hanc
713 1927 778 1966 esse
790 1911 889 1966 artem
903 1906 1063 1982 poeticam,
1075 1911 1112 1964 ut
1129 1925 1149 1964 a
1162 1908 1271 1966 prediis
1283 1908 1462 1985 incipientes

249 2020 305 2078 per
317 2001 524 2059 narrationem
538 2000 636 2077 prima
649 1997 844 2057 reddamus.''
885 1997 959 2056 And
971 2018 1012 2056 cn
1025 1998 1103 2055 Aen.
1120 1998 1145 2057 l.
1163 1999 1210 2070 34,
1227 2001 1244 2028 “
1256 2003 1291 2057 ut
1305 1999 1461 2058 Homerus

249 2090 353 2149 cmmit
366 2091 456 2149 initia
469 2089 540 2148 belli
555 2089 687 2160 Troiani,
702 2089 750 2148 sic
759 2088 811 2146 hic
824 2108 886 2146 ncn
900 2090 940 2146 ab
952 2088 1042 2146 initio
1056 2088 1158 2164 coepit
1171 2089 1312 2148 erroris.”
1348 2090 1460 2167 Agaim

250 2181 326 2240 with
339 2179 450 2258 regard
463 2183 494 2238 tc
514 2178 567 2237 the
582 2179 678 2237 whole
698 2179 771 2257 plan
791 2178 825 2237 oi
846 2178 899 2235 the
912 2174 1041 2248 Aeneid,
1056 2177 1157 2235 which
1172 2198 1232 2237 was
1252 2178 1398 2238 intended
1420 2180 1460 2258 by

249 2271 354 2349 Virgil
374 2278 407 2329 tc
425 2270 548 2329 include
568 2270 644 2329 heth
662 2289 703 2327 an
720 2269 799 2327 iliad
820 2270 884 2328 aud
897 2289 938 2327 an
953 2268 1101 2347 Odyssey,
1116 2272 1135 2299 “
1145 2268 1232 2347 prius
1253 2271 1290 2329 de
1310 2270 1467 2330 erroribus

249 2363 370 2423 Aeneae
384 2362 468 2435 dicit,
481 2366 553 2440 post
565 2361 604 2421 de
617 2361 697 2420 hello
709 2362 726 2387 ’'
745 2360 839 2436 (Aen.
855 2362 881 2421 1.
899 2359 942 2439 1).

291 2457 369 2515 Now
383 2456 468 2515 these
481 2453 619 2513 remarks
631 2473 684 2513 are
696 2474 736 2512 nc
751 2473 834 2513 more
847 2453 925 2512 than
938 2473 958 2516 a
970 2452 1187 2513 condensaticn
1207 2453 1241 2513 oi
1259 2453 1314 2513 the
1332 2475 1460 2534 passage

249 2548 394 2626 assigned
422 2553 455 2606 tc
483 2545 664 2604 Eustathius
691 2545 724 2603 iu
746 2547 799 2605 the
822 2545 996 2605 fiithbcck
1018 2546 1127 2606 citha
1150 2546 1327 2607 Saturnalia
1351 2546 1391 2625 (2.
1413 2545 1459 2627 6),

250 2640 391 2699 “Aeneis
411 2638 479 2716 ipsa
499 2657 602 2695 nonne
625 2638 665 2696 ab
692 2636 830 2696 Homero
856 2641 998 2696 mutuata
1025 2642 1073 2697 est
1100 2659 1234 2698 errorem
1260 2640 1395 2717 primum
1421 2660 1461 2699 ex

251 2730 395 2808 Odyssea,
418 2728 526 2787 deinde
550 2748 589 2787 ex
610 2728 706 2787 iliade
726 2726 873 2806 pugnas?
903 2727 978 2806 quin
1007 2729 1108 2805 operis
1131 2729 1270 2788 ordinem
1291 2731 1461 2791 necessario

250 2844 353 2884 rerum
367 2824 441 2882 crdo
455 2823 596 2893 mutavit,
605 2842 674 2882 cum
686 2821 771 2899 apud
785 2822 956 2880 Homerum
969 2822 1055 2898 prins
1069 2820 1199 2880 Iliacum
1208 2823 1323 2881 bellum
1337 2828 1461 2900 gestum

249 2918 299 2991 ait,
322 2917 431 2975 deinde
449 2917 615 2975 revertenti
635 2916 673 2973 de
695 2915 787 2974 Troia
806 2933 891 2973 error
910 2914 1075 2990 contigerit
1096 2913 1190 2984 Ulixi,
1204 2915 1288 2992 apud
1301 2915 1460 2974 Maronem

249 3029 321 3069 vero
330 3008 450 3068 Aeneae
462 3008 618 3085 navigatio
632 3008 711 3066 bella
721 3026 799 3085 quae
809 3011 914 3084 postea
923 3005 955 3062 in
967 3005 1059 3064 Italia
1073 3009 1145 3064 sunt
1155 3012 1241 3083 gesta
1253 3008 1459 3084 praecesserit.

250 3144 258 3162 .
282 3146 288 3160 .
312 3145 319 3158 .
341 3101 405 3160 Nec
431 3100 510 3159 illud
536 3119 606 3158 cum
631 3119 744 3177 magna
770 3118 847 3157 cura
872 3099 1028 3158 relaturus
1046 3118 1124 3169 sum,
1146 3099 1227 3170 licet,
1253 3104 1290 3157 ut
1320 3099 1459 3173 aest-imo,

249 3213 312 3253 ncn
338 3193 480 3252 omnibus
499 3192 701 3261 observatum,
730 3190 813 3268 quod
839 3209 910 3249 cum
931 3190 1030 3267 primo
1057 3210 1149 3248 versu
1175 3190 1362 3267 promisisset
1390 3211 1459 3269 prc-

250 3287 417 3344 ducturnm
436 3304 468 3343 se
482 3284 520 3342 de
534 3283 640 3342 Troiae
653 3283 794 3342 litoribus
807 3281 955 3341 Aenean.
977 3326 984 3340 .
1007 3326 1014 3340 .
1035 3283 1090 3340 ubi
1110 3282 1150 3341 ad
1170 3283 1295 3342 ianuam
1314 3284 1460 3342 narrandi

249 3378 344 3448 venit,
358 3376 479 3435 Aeneae
493 3375 619 3434 classem
633 3395 696 3432 non
709 3374 746 3434 de
761 3374 854 3432 Troia
867 3374 921 3433 sed
934 3374 972 3432 de
987 3372 1093 3432 Sicilia
1106 3375 1249 3453 producit
1270 3421 1276 3433 .
1300 3419 1307 3433 .
1329 3419 1336 3433 .
1360 3420 1366 3433 .

292 3468 382 3543 Quod
409 3473 510 3527 totum
539 3467 710 3526 Homericis
738 3468 799 3526 filis
820 3467 987 3527 contexuit.
1037 3466 1093 3525 Ille
1113 3467 1195 3526 euim
1215 3468 1316 3527 vitans
1336 3469 1369 3527 in
1390 3489 1461 3547 poe-

249 3570 333 3623 mate
360 3562 574 3621 historiccrum
602 3560 844 3632 similitudinem,
869 3560 980 3638 quibus
1007 3560 1058 3618 lex
1084 3565 1131 3619 est
1153 3561 1286 3638 incipere
1309 3563 1348 3621 ab
1371 3562 1460 3621 initio

250 3673 361 3727 rerum,
390 3660 421 3712 et
448 3654 624 3712 continuam
651 3652 857 3710 narrationem
883 3653 922 3710 ad
949 3652 1041 3710 finem
1072 3672 1170 3729 usque
1197 3654 1369 3731 perducere,
1397 3654 1461 3731 ipae

244 3749 360 3827 poetico
378 3748 539 3824 disciplina
556 3768 575 3806 a
591 3767 690 3805 reram
705 3747 799 3805 medic
821 3746 912 3822 coepit
935 3750 962 3803 et
983 3746 1024 3804 od
1041 3745 1164 3804 initium
1177 3751 1244 3823 post
1262 3767 1390 3805 reversas
1410 3753 1460 3806 est.

248 3839 327 3918 Erpo
350 3842 448 3902 Ulixis
462 3861 585 3899 errorem
597 3859 656 3898 aaa
669 3841 774 3917 incepit
793 3859 813 3896 o
833 3838 958 3897 Troiano
973 3839 1055 3897 litore
1064 3840 1231 3909 describere,
1245 3840 1295 3897 aed
1306 3839 1461 3914 faciteam

242 3935 341 4012 primo
355 3934 542 4008 auoipmatem
555 3933 591 3990 de
604 3932 703 3990 iterato
718 3931 901 4008 Calypsonis.
924 3974 931 3988 .
954 3976 961 3989 .
985 3974 992 3987 .
1009 3929 1113 4008 Scylla
1128 3950 1238 4008 quoque
1252 3935 1279 3988 et
1295 3931 1460 4008 Ohorphdia

248 4029 275 4083 et
289 4025 372 4084 Oiree
386 4024 517 4082 decemm
532 4022 719 4098 attiopitur.”

289 4115 353 4173 The
367 4115 467 4174 words
480 4134 532 4172 aec
545 4113 623 4172 illud
635 4132 745 4189 mopso
759 4134 827 4172 corn
847 4132 919 4172 earo
939 4156 947 4170 .
970 4158 976 4171 .
1000 4154 1007 4169 .
1029 4113 1063 4171 de
1078 4113 1187 4174 Sicilia
1195 4115 1333 4191 producit
1346 4115 1427 4176 form
1441 4137 1461 4176 a

248 4207 372 4266 remark
383 4206 529 4283 virtually
540 4205 685 4265 identical
699 4206 774 4264 with
788 4206 858 4265 that
872 4205 985 4283 quoted
997 4205 1038 4283 by
1051 4206 1186 4278 Servius,
1196 4207 1265 4264 that
1278 4208 1331 4266 the
1345 4208 1462 4268 Aeneid

247 4298 347 4376 ought
361 4304 394 4357 tc
407 4298 499 4375 begin
507 4297 582 4355 with
596 4296 649 4356 the
662 4296 716 4354 fall
732 4297 765 4356 of
783 4298 873 4376 Troy.
917 4297 980 4356 The
999 4318 1119 4357 answer
1136 4303 1169 4356 tc
1183 4298 1245 4356 this
1259 4298 1340 4358 isan
1353 4301 1462 4379 appeal

246 4395 279 4451 tc
296 4391 349 4450 the
369 4389 508 4467 example
526 4388 559 4448 oi
577 4388 701 4459 Homer,
716 4389 878 4467 expressed
896 4389 929 4447 in
943 4390 1043 4448 words
1057 4389 1157 4448 which
1177 4389 1193 4447 1
1207 4390 1284 4450 have
1298 4392 1460 4466 italieired‚

246 4486 375 4545 because
397 4483 471 4562 they
491 4503 544 4542 are
565 4482 678 4541 almost
701 4502 719 4541 a
741 4483 926 4560 paraphrase
948 4481 981 4540 oi
1002 4482 1148 4542 Horace's
1170 4482 1247 4542 lines
1270 4483 1304 4541 in
1328 4484 1380 4544 the
1403 4486 1464 4545 Ara
