3250 5059
242 470 350 536 lxxxii
391 468 485 534 THE
508 468 716 535 ANCIENT
740 467 1118 536 COMMENTATORS
1141 468 1204 536 ΟΝ
1227 469 1401 539 VIRGIL.

244 650 384 709 humanis
398 651 488 709 rebus
508 652 564 719 est,
579 668 644 708 esse
664 646 860 717 contrarium,
875 666 946 705 enm
960 647 998 704 de
1010 648 1197 718 caelestibus,
1211 667 1399 724 prosperum,
1415 651 1452 705 ut

244 745 262 771 “
272 740 409 799 intonuit
421 739 573 798 laevum.’'
615 736 656 796 So
671 757 711 795 on
731 738 760 795 2.
776 737 835 796 693
856 737 973 794 loenwns
993 736 1160 809 sinistrum,
1174 757 1365 815 prosperum,
1379 737 1453 814 qnia

243 833 373 891 caeleste
386 835 441 903 est,
455 835 493 888 ut
506 828 640 887 diximus
654 847 763 906 supra:
787 827 849 885 aud
864 847 897 886 so
911 848 951 886 on
967 827 1004 886 G.
1019 829 1048 885 4.
1063 828 1090 886 6.

285 922 319 981 P.
335 922 383 995 53,
400 922 594 980 oestebntnm:
617 920 678 977 this
692 924 763 977 note
778 919 941 978 resembles
960 919 1030 977 that
1047 919 1080 976 in
1095 918 1210 978 Gellius
1226 919 1272 978 16.
1288 921 1316 978 5.
1366 917 1451 979 Serv.

244 1014 283 1072 A.
299 1016 326 1074 6.
339 1014 397 1074 273
411 1012 479 1093 (the
492 1014 554 1073 line
567 1011 738 1090 quoted-by
753 1010 869 1070 Gellius
883 1013 904 1070 l.
918 1009 970 1089 0.),
986 1013 1181 1071 vestibulum:
1203 1017 1239 1071 nt
1251 1012 1352 1072 Varro
1367 1013 1452 1086 dicit,

244 1108 428 1185 etymologia
447 1127 510 1166 nou
532 1106 626 1164 habet
648 1105 873 1183 proprietatem,
893 1104 948 1164 sed
968 1106 1004 1163 fit
1019 1125 1074 1184 pro
1093 1113 1187 1183 captu
1206 1106 1330 1182 ingenii.
1371 1106 1453 1165 Nam

243 1201 418 1258 nestibulum
444 1202 480 1256 ut
506 1217 598 1275 supra
626 1196 758 1255 diximus
782 1194 826 1273 (2.
851 1193 926 1274 469)
949 1197 1067 1255 dietum
1093 1199 1132 1256 ab
1159 1217 1195 1256 eo
1221 1197 1303 1274 quod
1329 1198 1453 1256 ianuam

246 1292 367 1351 vestiat.
394 1290 456 1348 Alii
472 1290 589 1362 dieunt,
604 1290 643 1348 ab
657 1289 787 1366 eoquod
801 1290 906 1347 nullus
919 1290 981 1349 illie
995 1295 1065 1349 stet.
1106 1290 1143 1348 In
1157 1291 1263 1349 limine
1276 1291 1355 1349 euim
1369 1291 1454 1350 solus

245 1389 291 1442 est
312 1382 477 1442 transitus:
499 1381 647 1458 quomodo
661 1400 785 1438 neecnns
798 1380 912 1438 dicitnr
926 1401 987 1439 non
1000 1401 1100 1452 sanus,
1115 1383 1160 1441 sio
1172 1384 1351 1440 vestibulum
1363 1383 1453 1459 quasi

244 1497 304 1536 non
315 1477 474 1534 stabolum.
516 1473 580 1532 The
601 1474 775 1551 etymology
795 1474 822 1531 is
842 1473 895 1531 the
915 1493 1000 1532 same
1019 1492 1053 1532 as
1074 1474 1142 1532 that
1160 1474 1251 1552 given
1271 1475 1312 1551 by
1334 1472 1453 1533 Gellius

244 1571 305 1629 and
318 1569 446 1641 Nonius,
461 1570 518 1627 bnt
531 1567 582 1625 the
603 1566 839 1643 interpretation
859 1565 891 1623 of
910 1575 944 1623 ne
963 1567 990 1623 is
1010 1565 1163 1624 different.
1205 1564 1322 1625 Gellius
1342 1566 1369 1624 is
1389 1567 1451 1624 evi·

244 1661 349 1739 dently
363 1660 535 1736 extractiug
555 1658 636 1717 from
655 1677 674 1715 a
688 1661 908 1717 commentator
921 1677 962 1716 ou
974 1657 1094 1735 Virgil:
1115 1657 1235 1717 Nonius
1249 1677 1283 1717 as
1296 1657 1452 1734 evidently

244 1757 306 1825 not,
321 1754 371 1812 for
384 1752 423 1810 he
437 1751 509 1829 only
522 1753 630 1827 quotes
644 1747 759 1807 Cicero.

284 1847 319 1904 P.
335 1846 382 1916 53,
397 1846 523 1904 bidentes
542 1844 596 1920 qui
609 1842 787 1901 existimant
807 1842 846 1901 ob
862 1861 929 1899 eam
943 1861 1065 1900 oausam
1079 1861 1150 1900 oves
1166 1861 1185 1900 a
1202 1841 1340 1918 Vergilio
1355 1841 1453 1900 dietas

243 1940 326 2018 quod
335 1940 410 1998 duos
424 1939 530 1998 dentes
543 1937 684 2008 habeant,
695 1935 824 2013 pessime
837 1954 874 1993 ac
885 1934 994 1993 vitiose
1007 1934 1206 2012 intellegunt:
1221 1954 1293 1993 nam
1306 1952 1361 1992 000
1376 1934 1452 1993 duos

244 2035 350 2094 dentes
371 2035 493 2105 habent,
508 2032 609 2090 ethos
630 2031 755 2109 quidem
775 2049 873 2107 genus
893 2030 1024 2088 monstri
1037 2035 1091 2088 est.
1133 2028 1176 2086 Et
1188 2029 1294 2087 melius
1314 2029 1452 2106 intellegi

243 2130 345 2203 potest
361 2127 389 2186 si
406 2125 521 2183 biennes
544 2122 688 2195 dixerint,
707 2121 891 2180 auctoritate
915 2120 1076 2198 Pomponii
1100 2120 1131 2177 in
1155 2120 1303 2190 Atellena,
1328 2119 1451 2192 “Mers,

243 2219 301 2277 tibi
315 2240 408 2278 voveo
422 2218 587 2288 facturum,
601 2216 628 2274 si
644 2235 790 2292 umquam
809 2213 943 2285 redierit,
957 2213 1085 2273 Bidenti
1103 2214 1217 2272 verre.”
1259 2211 1404 2272 Laberius
1418 2215 1451 2271 in

243 2312 435 2391 Paupertate,
452 2310 575 2369 “Visus
589 2310 647 2368 hac
661 2313 755 2367 noctu
769 2307 910 2366 bidentes
925 2351 932 2364 .
949 2352 956 2364 .
972 2352 979 2365 .
993 2306 1213 2385 propterviam
1227 2306 1368 2364 Facere.”
1410 2305 1451 2364 Et

243 2404 388 2482 Nigidius
401 2405 531 2482 Figulus
546 2404 621 2462 dicit
635 2403 764 2461 bidental
778 2401 881 2460 vocari
895 2402 976 2476 quod
990 2403 1088 2461 bimae
1102 2400 1232 2479 pecudes
1246 2400 1448 2464 immolentur,

285 2495 371 2554 Serv.
398 2495 436 2552 A.
460 2496 490 2553 4.
515 2490 621 2553 57=a
645 2494 705 2552 39:
727 2492 859 2550 bidentes
880 2496 984 2549 autem
1009 2491 1109 2549 dictae
1131 2495 1204 2548 suut
1224 2490 1312 2567 quasi
1335 2490 1451 2548 biennes

243 2629 251 2646 .
274 2633 280 2645 .
303 2633 309 2644 .
355 2586 436 2644 Sunt
456 2590 560 2645 autem
577 2585 611 2641 in
634 2584 741 2643 ovibus
762 2584 823 2641 dno
844 2582 1057 2641 eminentiores
1079 2583 1185 2640 dentes
1204 2582 1286 2639 inter
1305 2585 1374 2640 octo
1395 2581 1450 2657 qui

242 2699 304 2736 non
321 2678 382 2735 nisi
404 2678 485 2736 cirea
506 2677 655 2734 bimatum
679 2679 847 2753 apparent:
868 2694 926 2733 nee
946 2674 979 2732 in
1003 2675 1151 2745 omnibns,
1175 2672 1227 2731 sed
1248 2672 1281 2729 10
1305 2673 1353 2730 his
1374 2691 1451 2748 quae

243 2774 316 2829 sunt
329 2773 417 2846 aptae
430 2768 585 2826 sacrificiis
598 2767 807 2827 inveniuntur.

281 2862 373 2920 From
387 2859 464 2918 Gell.
481 2860 527 2919 16.
544 2861 571 2919 6.
587 2860 634 2930 14,
649 2860 676 2918 it
687 2878 816 2938 appears
835 2860 905 2918 that
926 2858 1062 2917 Servius’
1077 2862 1148 2916 note
1169 2858 1196 2915 is
1209 2858 1289 2915 from
1304 2856 1449 2933 Hyginus

243 2954 305 3013 aud
322 2952 476 3030 Nigidius,
490 2953 566 3011 both
583 2952 616 3010 of
632 2952 733 3010 whose
748 2958 837 3011 notes
850 2971 928 3011 vvere
946 2951 1094 3028 probably
1110 2950 1143 3007 in
1156 2950 1287 3009 Verrius
1300 2949 1448 3009 Flaccus:

243 3066 292 3106 see
305 3046 385 3105 Fest
401 3066 431 3123 p.
448 3046 485 3105 33
499 3045 560 3104 end
575 3046 624 3104 35.

283 3139 317 3196 P.
339 3140 388 3209 55,
418 3138 531 3215 tropaei
550 3136 803 3213 significationem
831 3136 985 3215 propriam
1012 3137 1113 3195 Varro
1141 3135 1284 3194 Bimareo
1307 3135 1449 3195 ostendit

243 3230 345 3288 “Ideo
369 3227 417 3308 (l)
431 3230 508 3307 fuga
525 3229 662 3287 hostium
677 3227 792 3288 Graece
814 3229 986 3306 appellatur
1006 3226 1106 3303 τροπή.
1148 3226 1231 3284 Hine
1247 3226 1343 3304 spolia
1361 3231 1452 3305 capta

243 3322 304 3380 fixa
322 3324 355 3381 in
377 3323 533 3401 stipitibus
559 3322 752 3399 appellantur
776 3322 925 3397 tropnec.’'
967 3320 1052 3379 Serv.
1077 3321 1112 3379 A.
1137 3320 1184 3380 10.
1211 3318 1277 3393 775,
1300 3327 1451 3396 tropaeam

243 3415 359 3473 dictum
376 3420 423 3473 est
441 3414 498 3473 ἀπὸ
519 3416 570 3473 τοῦ
588 3412 751 3489 τρέπεσθαι,
766 3414 799 3471 id
819 3420 866 3473 est
882 3415 921 3473 ab
934 3414 1069 3473 hostium
1083 3415 1286 3486 conversione,
1302 3416 1449 3493 undequi

242 3506 357 3565 hostem
372 3506 512 3582 fugasset
524 3506 698 3563 merebatur
710 3511 871 3581 tropaeam.

284 3598 319 3657 P.
334 3598 382 3669 58,
404 3598 562 3655 testudineo
582 3600 654 3655 sunt
673 3597 740 3654 loca
760 3597 792 3654 in
812 3597 958 3655 aedificiis
977 3603 1137 3668 camerate,
1158 3597 1198 3656 ad
1218 3596 1449 3656 similitudinem

243 3689 425 3768 aquatilium
438 3689 640 3761 testudinum,
655 3709 734 3765 qnae
748 3689 834 3748 duris
853 3690 1026 3765 tergoribus
1045 3695 1118 3749 sunt
1137 3697 1169 3749 et
1187 3691 1331 3749 incurvis.
1371 3689 1448 3749 Ver·

244 3782 335 3858 gilius
356 3780 508 3840 Aeneidos
529 3781 581 3838 lib.
606 3781 632 3839 I.
659 3780 724 3838 “In
747 3780 866 3841 foribus
890 3782 988 3856 divae,
1013 3781 1114 3842 media
1139 3782 1294 3842 testudine
1314 3783 1450 3860 templi.”

247 3873 374 3933 Sisenna
387 3873 595 3933 Historiarum
609 3873 660 3933 lib.
675 3873 732 3933 IV.
748 3872 803 3933 bo.

285 3963 418 4035 Servius,
433 3964 473 4023 A.
486 3966 512 4023 1.
524 3965 593 4037 505,
609 3964 762 4036 testudine,
777 3984 898 4023 camere
910 3965 1046 4038 incurva,
1061 3986 1137 4043 quae
1150 3966 1318 4026 seeundum
1331 3985 1383 4025 eos
1397 3966 1450 4042 qui

244 4055 430 4132 seripserunt
443 4056 480 4113 de
493 4055 610 4114 ratione
627 4055 821 4133 templorum,
835 4055 904 4115 ideo
924 4057 968 4115 sic
987 4058 1023 4116 fit
1043 4063 1080 4115 ut
1099 4058 1260 4118 simulacro
1282 4057 1357 4116 caeli
1375 4058 1449 4115 ima·

245 4150 348 4227 ginem
362 4149 476 4220 reddet,
493 4146 546 4207 deo.
586 4146 682 4206 Muoh
706 4168 789 4207 more
810 4148 836 4208 is
860 4148 961 4208 added
985 4151 1018 4209 in
1042 4151 1177 4210 Daniel's
1202 4151 1335 4210 Servius.
1376 4149 1450 4208 Isid.

247 4242 295 4299 15.
309 4240 338 4299 8.
354 4238 383 4314 8,
398 4241 453 4299 has
469 4259 488 4298 a
505 4244 577 4298 note
590 4240 690 4299 which
703 4240 730 4300 is
750 4241 844 4301 taken
864 4241 944 4301 from
965 4243 1018 4303 the
1037 4264 1119 4304 same
1139 4264 1260 4303 sources
1279 4263 1313 4303 as
1333 4244 1402 4302 that
1417 4242 1450 4302 01

250 4331 383 4391 Servius.

287 4424 322 4482 P.
346 4423 394 4496 58,
422 4424 539 4483 adolere
564 4428 612 4483 est
638 4426 766 4484 verbnm
792 4426 915 4503 proprie
941 4446 1027 4486 sacra
1051 4427 1252 4499 reddentium,
1280 4426 1362 4504 quod
1388 4425 1451 4503 sig·

245 4515 352 4575 nificat
380 4514 460 4575 votis
484 4515 533 4575 vel
561 4515 834 4594 supplicationibus
862 4537 975 4576 numen
1001 4518 1120 4577 auctius
1140 4518 1261 4578 facere:
1290 4523 1327 4576 ut
1349 4521 1397 4576 est
1417 4517 1450 4574 iu
