<?xml version="1.0" encoding="UTF-8"?>
<!DOCTYPE html PUBLIC "-//W3C//DTD XHTML 1.0 Transitional//EN"
    "http://www.w3.org/TR/xhtml1/DTD/xhtml1-transitional.dtd">
<html xmlns="http://www.w3.org/1999/xhtml" xml:lang="en" lang="en">
 <head>
  <title>
</title>
<meta http-equiv="Content-Type" content="text/html;charset=utf-8" />
  <meta name='ocr-system' content='tesseract 3.04.00' />
  <meta name='ocr-capabilities' content='ocr_page ocr_carea ocr_par ocr_line ocrx_word'/>
</head>
<body>
  <div class='ocr_page' id='page_1' title='image "./pvergilimaronis06nettgoog_0080.png"; bbox 0 0 3250 5059; ppageno 0'>
   <div class='ocr_carea' id='block_1_1' title="bbox 232 424 1353 497">
    <p class='ocr_par' dir='ltr' id='par_1_1' title="bbox 232 424 1353 497">
     <span class='ocr_line' id='line_1_1' title="bbox 232 424 1353 497; baseline 0.004 -4"><span class='ocrx_word' id='word_1_1' title='bbox 232 427 326 494; x_wconf 84' lang='lat' dir='ltr'>lxxvi</span> <span class='ocrx_word' id='word_1_2' title='bbox 348 426 441 494; x_wconf 81' lang='lat' dir='ltr'>THE</span> <span class='ocrx_word' id='word_1_3' title='bbox 464 424 672 494; x_wconf 78' lang='lat' dir='ltr'><strong>ANOIENT</strong></span> <span class='ocrx_word' id='word_1_4' title='bbox 695 427 1071 496; x_wconf 78' lang='lat' dir='ltr'><strong>COMMENTATORS</strong></span> <span class='ocrx_word' id='word_1_5' title='bbox 1094 428 1158 496; x_wconf 89' lang='grc' dir='ltr'>ΟΝ</span> <span class='ocrx_word' id='word_1_6' title='bbox 1180 428 1353 497; x_wconf 82' lang='lat' dir='ltr'>VIRGIL.</span> 
     </span>
    </p>
   </div>
   <div class='ocr_carea' id='block_1_2' title="bbox 226 604 1444 2068">
    <p class='ocr_par' dir='ltr' id='par_1_2' title="bbox 230 604 1443 776">
     <span class='ocr_line' id='line_1_2' title="bbox 272 604 1443 684; baseline 0 -20"><span class='ocrx_word' id='word_1_7' title='bbox 272 606 307 664; x_wconf 94' lang='lat' dir='ltr'>P.</span> <span class='ocrx_word' id='word_1_8' title='bbox 322 607 370 676; x_wconf 84' lang='lat'>13,</span> <span class='ocrx_word' id='word_1_9' title='bbox 386 624 503 682; x_wconf 79' lang='lat' dir='ltr'>crepere</span> <span class='ocrx_word' id='word_1_10' title='bbox 517 625 565 664; x_wconf 89' lang='lat' dir='ltr'>res</span> <span class='ocrx_word' id='word_1_11' title='bbox 579 605 700 684; x_wconf 88' lang='lat' dir='ltr'>proprie</span> <span class='ocrx_word' id='word_1_12' title='bbox 717 604 833 664; x_wconf 87' lang='lat' dir='ltr'>dicitur</span> <span class='ocrx_word' id='word_1_13' title='bbox 852 604 955 678; x_wconf 88' lang='lat' dir='ltr'>dubia,</span> <span class='ocrx_word' id='word_1_14' title='bbox 970 604 1098 664; x_wconf 87' lang='lat' dir='ltr'>undeet</span> <span class='ocrx_word' id='word_1_15' title='bbox 1112 607 1315 683; x_wconf 70' lang='lat' dir='ltr'><strong><em>crepusculum</em></strong></span> <span class='ocrx_word' id='word_1_16' title='bbox 1329 605 1443 664; x_wconf 85' lang='lat' dir='ltr'>dicitur</span> 
     </span>
     <span class='ocr_line' id='line_1_3' title="bbox 230 696 877 776; baseline 0 -20"><span class='ocrx_word' id='word_1_17' title='bbox 230 699 286 757; x_wconf 84' lang='lat' dir='ltr'>lnx</span> <span class='ocrx_word' id='word_1_18' title='bbox 300 699 403 769; x_wconf 86' lang='lat' dir='ltr'>dubia,</span> <span class='ocrx_word' id='word_1_19' title='bbox 418 702 449 756; x_wconf 90' lang='lat' dir='ltr'>et</span> <span class='ocrx_word' id='word_1_20' title='bbox 463 718 548 756; x_wconf 86' lang='lat' dir='ltr'>senes</span> <span class='ocrx_word' id='word_1_21' title='bbox 563 698 709 776; x_wconf 73' lang='lat' dir='ltr'>decrepiti</span> <span class='ocrx_word' id='word_1_22' title='bbox 723 697 808 768; x_wconf 91' lang='lat' dir='ltr'>dicti,</span> <span class='ocrx_word' id='word_1_23' title='bbox 824 696 877 756; x_wconf 69' lang='grc'>40.</span> 
     </span>
    </p>

    <p class='ocr_par' dir='ltr' id='par_1_3' title="bbox 226 789 1443 961">
     <span class='ocr_line' id='line_1_4' title="bbox 274 789 1443 869; baseline -0.002 -17"><span class='ocrx_word' id='word_1_24' title='bbox 274 792 409 865; x_wconf 85' lang='lat' dir='ltr'>Servius,</span> <span class='ocrx_word' id='word_1_25' title='bbox 431 791 468 850; x_wconf 88' lang='lat' dir='ltr'>A.</span> <span class='ocrx_word' id='word_1_26' title='bbox 484 793 510 851; x_wconf 86' lang='lat'>2.</span> <span class='ocrx_word' id='word_1_27' title='bbox 533 792 602 865; x_wconf 84' lang='lat'>268,</span> <span class='ocrx_word' id='word_1_28' title='bbox 617 793 655 851; x_wconf 88' lang='lat' dir='ltr'>de</span> <span class='ocrx_word' id='word_1_29' title='bbox 669 793 837 868; x_wconf 82' lang='lat' dir='ltr'>crepusculo</span> <span class='ocrx_word' id='word_1_30' title='bbox 852 811 932 858; x_wconf 87' lang='lat' dir='ltr'>vero,</span> <span class='ocrx_word' id='word_1_31' title='bbox 947 792 1029 869; x_wconf 90' lang='lat' dir='ltr'>qnod</span> <span class='ocrx_word' id='word_1_32' title='bbox 1050 796 1097 851; x_wconf 86' lang='lat' dir='ltr'>est</span> <span class='ocrx_word' id='word_1_33' title='bbox 1110 792 1204 850; x_wconf 90' lang='lat' dir='ltr'>dubia</span> <span class='ocrx_word' id='word_1_34' title='bbox 1216 793 1271 851; x_wconf 86' lang='lat' dir='ltr'>lux</span> <span class='ocrx_word' id='word_1_35' title='bbox 1286 789 1370 869; x_wconf 89' lang='lat' dir='ltr'>(nam</span> <span class='ocrx_word' id='word_1_36' title='bbox 1383 809 1443 850; x_wconf 85' lang='lat' dir='ltr'>cre·</span> 
     </span>
     <span class='ocr_line' id='line_1_5' title="bbox 226 880 1332 961; baseline 0.001 -19"><span class='ocrx_word' id='word_1_37' title='bbox 226 902 336 961; x_wconf 86' lang='lat' dir='ltr'>perum</span> <span class='ocrx_word' id='word_1_38' title='bbox 349 882 478 942; x_wconf 88' lang='lat' dir='ltr'>dubium</span> <span class='ocrx_word' id='word_1_39' title='bbox 491 881 670 961; x_wconf 83' lang='lat' dir='ltr'>significat),</span> <span class='ocrx_word' id='word_1_40' title='bbox 685 882 853 960; x_wconf 88' lang='lat' dir='ltr'>quaeritur.</span> <span class='ocrx_word' id='word_1_41' title='bbox 894 880 1039 959; x_wconf 89' lang='lat' dir='ltr'>(Verrius</span> <span class='ocrx_word' id='word_1_42' title='bbox 1052 907 1060 941; x_wconf 76' lang='lat' dir='ltr'>t</span> <span class='ocrx_word' id='word_1_43' title='bbox 1082 882 1206 956; x_wconf 90' lang='lat' dir='ltr'>Paulus,</span> <span class='ocrx_word' id='word_1_44' title='bbox 1221 904 1251 961; x_wconf 89' lang='lat' dir='ltr'>p.</span> <span class='ocrx_word' id='word_1_45' title='bbox 1268 882 1332 961; x_wconf 85' lang='lat'>71.)</span> 
     </span>
    </p>

    <p class='ocr_par' dir='ltr' id='par_1_4' title="bbox 230 974 1443 1518">
     <span class='ocr_line' id='line_1_6' title="bbox 272 974 1443 1053; baseline -0.001 -19"><span class='ocrx_word' id='word_1_46' title='bbox 272 976 307 1033; x_wconf 89' lang='grc' dir='ltr'>Ρ.</span> <span class='ocrx_word' id='word_1_47' title='bbox 330 976 377 1046; x_wconf 92' lang='grc'>14,</span> <span class='ocrx_word' id='word_1_48' title='bbox 398 976 533 1034; x_wconf 80' lang='lat' dir='ltr'>Aueruue</span> <span class='ocrx_word' id='word_1_49' title='bbox 556 978 643 1034; x_wconf 82' lang='lat' dir='ltr'>lacus</span> <span class='ocrx_word' id='word_1_50' title='bbox 665 975 779 1034; x_wconf 87' lang='lat' dir='ltr'>idcirco</span> <span class='ocrx_word' id='word_1_51' title='bbox 800 974 972 1051; x_wconf 82' lang='lat' dir='ltr'>appellatus</span> <span class='ocrx_word' id='word_1_52' title='bbox 991 980 1039 1034; x_wconf 87' lang='grc'>001</span> <span class='ocrx_word' id='word_1_53' title='bbox 1060 976 1134 1053; x_wconf 88' lang='lat' dir='ltr'>qnia</span> <span class='ocrx_word' id='word_1_54' title='bbox 1153 977 1228 1034; x_wconf 92' lang='lat' dir='ltr'>odor</span> <span class='ocrx_word' id='word_1_55' title='bbox 1248 975 1313 1034; x_wconf 88' lang='lat' dir='ltr'>eius</span> <span class='ocrx_word' id='word_1_56' title='bbox 1332 975 1443 1035; x_wconf 87' lang='lat' dir='ltr'>avibus</span> 
     </span>
     <span class='ocr_line' id='line_1_7' title="bbox 230 1068 1441 1129; baseline 0 -2"><span class='ocrx_word' id='word_1_57' title='bbox 230 1069 456 1129; x_wconf 85' lang='lat' dir='ltr'>infestissimus.</span> <span class='ocrx_word' id='word_1_58' title='bbox 522 1069 627 1128; x_wconf 87' lang='lat' dir='ltr'>Huius</span> <span class='ocrx_word' id='word_1_59' title='bbox 646 1070 690 1127; x_wconf 90' lang='lat' dir='ltr'>rei</span> <span class='ocrx_word' id='word_1_60' title='bbox 712 1068 928 1127; x_wconf 74' lang='lat' dir='ltr'>manifestator</span> <span class='ocrx_word' id='word_1_61' title='bbox 942 1073 989 1127; x_wconf 89' lang='lat' dir='ltr'>est</span> <span class='ocrx_word' id='word_1_62' title='bbox 1010 1069 1172 1128; x_wconf 80' lang='lat' dir='ltr'>Lucretius</span> <span class='ocrx_word' id='word_1_63' title='bbox 1185 1070 1237 1129; x_wconf 88' lang='lat' dir='ltr'>lib.</span> <span class='ocrx_word' id='word_1_64' title='bbox 1252 1071 1311 1129; x_wconf 90' lang='lat' dir='ltr'>VI.</span> <span class='ocrx_word' id='word_1_65' title='bbox 1327 1070 1441 1128; x_wconf 88' lang='lat' dir='ltr'>“Prin-</span> 
     </span>
     <span class='ocr_line' id='line_1_8' title="bbox 230 1163 1443 1242; baseline -0.003 -19"><span class='ocrx_word' id='word_1_66' title='bbox 230 1163 310 1242; x_wconf 86' lang='lat' dir='ltr'>cipio</span> <span class='ocrx_word' id='word_1_67' title='bbox 324 1166 407 1241; x_wconf 91' lang='lat' dir='ltr'>quod</span> <span class='ocrx_word' id='word_1_68' title='bbox 420 1165 545 1225; x_wconf 89' lang='lat' dir='ltr'>Averna</span> <span class='ocrx_word' id='word_1_69' title='bbox 558 1168 715 1236; x_wconf 89' lang='lat' dir='ltr'>vocantur,</span> <span class='ocrx_word' id='word_1_70' title='bbox 729 1183 840 1222; x_wconf 88' lang='lat' dir='ltr'>nomen</span> <span class='ocrx_word' id='word_1_71' title='bbox 860 1163 893 1220; x_wconf 92' lang='lat' dir='ltr'>id</span> <span class='ocrx_word' id='word_1_72' title='bbox 911 1164 949 1221; x_wconf 90' lang='lat' dir='ltr'>ab</span> <span class='ocrx_word' id='word_1_73' title='bbox 969 1183 1002 1221; x_wconf 90' lang='lat' dir='ltr'>re</span> <span class='ocrx_word' id='word_1_74' title='bbox 1015 1163 1198 1241; x_wconf 75' lang='lat' dir='ltr'>Impositum</span> <span class='ocrx_word' id='word_1_75' title='bbox 1214 1167 1268 1234; x_wconf 89' lang='lat' dir='ltr'>est,</span> <span class='ocrx_word' id='word_1_76' title='bbox 1283 1164 1357 1241; x_wconf 83' lang='lat' dir='ltr'>qnia</span> <span class='ocrx_word' id='word_1_77' title='bbox 1370 1167 1443 1222; x_wconf 87' lang='lat' dir='ltr'>sunt</span> 
     </span>
     <span class='ocr_line' id='line_1_9' title="bbox 230 1253 1443 1332; baseline 0 -19"><span class='ocrx_word' id='word_1_78' title='bbox 230 1256 339 1314; x_wconf 87' lang='lat' dir='ltr'>avibus</span> <span class='ocrx_word' id='word_1_79' title='bbox 365 1257 520 1315; x_wconf 88' lang='lat' dir='ltr'>contraria</span> <span class='ocrx_word' id='word_1_80' title='bbox 546 1255 698 1332; x_wconf 86' lang='lat' dir='ltr'>cunctis.”</span> <span class='ocrx_word' id='word_1_81' title='bbox 747 1255 839 1313; x_wconf 84' lang='lat' dir='ltr'>Unde</span> <span class='ocrx_word' id='word_1_82' title='bbox 861 1259 893 1313; x_wconf 88' lang='lat' dir='ltr'>et</span> <span class='ocrx_word' id='word_1_83' title='bbox 916 1253 1076 1332; x_wconf 86' lang='lat' dir='ltr'>Vergilius</span> <span class='ocrx_word' id='word_1_84' title='bbox 1098 1256 1152 1313; x_wconf 92' lang='lat' dir='ltr'>lib.</span> <span class='ocrx_word' id='word_1_85' title='bbox 1176 1254 1234 1314; x_wconf 90' lang='lat' dir='ltr'>Vl.</span> <span class='ocrx_word' id='word_1_86' title='bbox 1259 1255 1365 1313; x_wconf 89' lang='lat' dir='ltr'>“Inde</span> <span class='ocrx_word' id='word_1_87' title='bbox 1389 1255 1443 1313; x_wconf 88' lang='lat' dir='ltr'>ubi</span> 
     </span>
     <span class='ocr_line' id='line_1_10' title="bbox 230 1346 1443 1425; baseline -0.001 -21"><span class='ocrx_word' id='word_1_88' title='bbox 230 1366 339 1405; x_wconf 89' lang='lat' dir='ltr'>venere</span> <span class='ocrx_word' id='word_1_89' title='bbox 352 1347 392 1406; x_wconf 89' lang='lat' dir='ltr'>ad</span> <span class='ocrx_word' id='word_1_90' title='bbox 405 1347 511 1407; x_wconf 83' lang='lat' dir='ltr'>fauces</span> <span class='ocrx_word' id='word_1_91' title='bbox 532 1348 739 1424; x_wconf 89' lang='lat' dir='ltr'>graveolentis</span> <span class='ocrx_word' id='word_1_92' title='bbox 753 1346 880 1416; x_wconf 91' lang='lat' dir='ltr'>Averni,</span> <span class='ocrx_word' id='word_1_93' title='bbox 897 1346 1023 1404; x_wconf 80' lang='lat' dir='ltr'>Tollunt</span> <span class='ocrx_word' id='word_1_94' title='bbox 1036 1366 1069 1405; x_wconf 88' lang='grc'>00</span> <span class='ocrx_word' id='word_1_95' title='bbox 1090 1348 1232 1419; x_wconf 85' lang='lat' dir='ltr'>celeres,&#39;&#39;</span> <span class='ocrx_word' id='word_1_96' title='bbox 1247 1352 1278 1406; x_wconf 88' lang='lat' dir='ltr'>et</span> <span class='ocrx_word' id='word_1_97' title='bbox 1291 1351 1397 1425; x_wconf 88' lang='lat' dir='ltr'>postea</span> <span class='ocrx_word' id='word_1_98' title='bbox 1409 1346 1443 1404; x_wconf 87' lang='lat' dir='ltr'>in</span> 
     </span>
     <span class='ocr_line' id='line_1_11' title="bbox 230 1436 909 1518; baseline -0.001 -22"><span class='ocrx_word' id='word_1_99' title='bbox 230 1457 265 1496; x_wconf 88' lang='lat' dir='ltr'>eo</span> <span class='ocrx_word' id='word_1_100' title='bbox 279 1438 368 1511; x_wconf 91' lang='lat' dir='ltr'>libro,</span> <span class='ocrx_word' id='word_1_101' title='bbox 385 1441 403 1468; x_wconf 75' lang='lat'>‘⁴</span> <span class='ocrx_word' id='word_1_102' title='bbox 415 1438 514 1513; x_wconf 81' lang='lat' dir='ltr'>Quam</span> <span class='ocrx_word' id='word_1_103' title='bbox 528 1459 621 1518; x_wconf 90' lang='lat' dir='ltr'>super</span> <span class='ocrx_word' id='word_1_104' title='bbox 633 1439 718 1497; x_wconf 80' lang='lat' dir='ltr'>haud</span> <span class='ocrx_word' id='word_1_105' title='bbox 731 1438 840 1510; x_wconf 89' lang='lat' dir='ltr'>aliae,”</span> <span class='ocrx_word' id='word_1_106' title='bbox 855 1436 909 1497; x_wconf 75' lang='lat' dir='ltr'>tc.</span> 
     </span>
    </p>

    <p class='ocr_par' dir='ltr' id='par_1_5' title="bbox 230 1529 1444 1983">
     <span class='ocr_line' id='line_1_12' title="bbox 273 1529 1444 1607; baseline 0 -19"><span class='ocrx_word' id='word_1_107' title='bbox 273 1529 359 1588; x_wconf 80' lang='lat' dir='ltr'>Serv.</span> <span class='ocrx_word' id='word_1_108' title='bbox 374 1531 411 1589; x_wconf 89' lang='lat' dir='ltr'>A.</span> <span class='ocrx_word' id='word_1_109' title='bbox 428 1533 456 1590; x_wconf 83' lang='lat'>3.</span> <span class='ocrx_word' id='word_1_110' title='bbox 470 1532 541 1601; x_wconf 86' lang='lat'>442,</span> <span class='ocrx_word' id='word_1_111' title='bbox 557 1531 691 1589; x_wconf 86' lang='lat' dir='ltr'>Aucruus</span> <span class='ocrx_word' id='word_1_112' title='bbox 704 1535 810 1589; x_wconf 87' lang='lat' dir='ltr'>autem</span> <span class='ocrx_word' id='word_1_113' title='bbox 823 1529 858 1587; x_wconf 89' lang='lat' dir='ltr'>in</span> <span class='ocrx_word' id='word_1_114' title='bbox 876 1529 989 1607; x_wconf 80' lang='lat' dir='ltr'>plurali</span> <span class='ocrx_word' id='word_1_115' title='bbox 1002 1531 1122 1588; x_wconf 87' lang='lat' dir='ltr'>Aueruu</span> <span class='ocrx_word' id='word_1_116' title='bbox 1139 1530 1225 1602; x_wconf 82' lang='lat' dir='ltr'>facit,</span> <span class='ocrx_word' id='word_1_117' title='bbox 1240 1536 1277 1590; x_wconf 89' lang='lat' dir='ltr'>ut</span> <span class='ocrx_word' id='word_1_118' title='bbox 1299 1529 1444 1589; x_wconf 74' lang='lat' dir='ltr'>Tartarus</span> 
     </span>
     <span class='ocr_line' id='line_1_13' title="bbox 235 1623 1442 1684; baseline 0.001 -3"><span class='ocrx_word' id='word_1_119' title='bbox 235 1624 386 1681; x_wconf 75' lang='lat' dir='ltr'>Tartaru:</span> <span class='ocrx_word' id='word_1_120' title='bbox 409 1624 490 1683; x_wconf 90' lang='lat' dir='ltr'>unde</span> <span class='ocrx_word' id='word_1_121' title='bbox 508 1629 555 1683; x_wconf 87' lang='lat' dir='ltr'>cst</span> <span class='ocrx_word' id='word_1_122' title='bbox 569 1624 687 1683; x_wconf 86' lang='lat' dir='ltr'>Aueruu</span> <span class='ocrx_word' id='word_1_123' title='bbox 703 1625 843 1682; x_wconf 83' lang='lat' dir='ltr'>scucutic</span> <span class='ocrx_word' id='word_1_124' title='bbox 858 1624 950 1682; x_wconf 82' lang='lat' dir='ltr'>siluis.</span> <span class='ocrx_word' id='word_1_125' title='bbox 994 1623 1075 1683; x_wconf 83' lang='lat' dir='ltr'>Sane</span> <span class='ocrx_word' id='word_1_126' title='bbox 1093 1624 1143 1683; x_wconf 89' lang='lat' dir='ltr'>hic</span> <span class='ocrx_word' id='word_1_127' title='bbox 1161 1624 1247 1682; x_wconf 86' lang='lat' dir='ltr'>lacus</span> <span class='ocrx_word' id='word_1_128' title='bbox 1261 1630 1334 1683; x_wconf 88' lang='lat' dir='ltr'>ante</span> <span class='ocrx_word' id='word_1_129' title='bbox 1351 1625 1442 1684; x_wconf 88' lang='lat' dir='ltr'>silva-</span> 
     </span>
     <span class='ocr_line' id='line_1_14' title="bbox 231 1718 1444 1798; baseline 0.001 -20"><span class='ocrx_word' id='word_1_130' title='bbox 231 1740 302 1778; x_wconf 88' lang='lat' dir='ltr'>rum</span> <span class='ocrx_word' id='word_1_131' title='bbox 323 1722 475 1780; x_wconf 85' lang='lat' dir='ltr'>densitate</span> <span class='ocrx_word' id='word_1_132' title='bbox 494 1721 538 1780; x_wconf 84' lang='lat' dir='ltr'>sic</span> <span class='ocrx_word' id='word_1_133' title='bbox 556 1721 755 1793; x_wconf 76' lang='lat' dir='ltr'>ambiebatur,</span> <span class='ocrx_word' id='word_1_134' title='bbox 770 1725 807 1778; x_wconf 91' lang='lat' dir='ltr'>ut</span> <span class='ocrx_word' id='word_1_135' title='bbox 828 1718 975 1778; x_wconf 85' lang='lat' dir='ltr'>exhalans</span> <span class='ocrx_word' id='word_1_136' title='bbox 993 1720 1065 1778; x_wconf 91' lang='lat' dir='ltr'>inde</span> <span class='ocrx_word' id='word_1_137' title='bbox 1086 1740 1142 1798; x_wconf 87' lang='lat' dir='ltr'>per</span> <span class='ocrx_word' id='word_1_138' title='bbox 1163 1720 1323 1798; x_wconf 85' lang='lat' dir='ltr'>angustias</span> <span class='ocrx_word' id='word_1_139' title='bbox 1346 1741 1444 1797; x_wconf 86' lang='lat' dir='ltr'>aquae</span> 
     </span>
     <span class='ocr_line' id='line_1_15' title="bbox 231 1812 1442 1892; baseline 0 -22"><span class='ocrx_word' id='word_1_140' title='bbox 231 1813 394 1892; x_wconf 83' lang='lat' dir='ltr'>sulpureae</span> <span class='ocrx_word' id='word_1_141' title='bbox 415 1814 491 1873; x_wconf 91' lang='lat' dir='ltr'>odor</span> <span class='ocrx_word' id='word_1_142' title='bbox 513 1813 715 1892; x_wconf 87' lang='lat' dir='ltr'>gravissimus</span> <span class='ocrx_word' id='word_1_143' title='bbox 733 1812 964 1890; x_wconf 85' lang='lat' dir='ltr'>supervolantes</span> <span class='ocrx_word' id='word_1_144' title='bbox 976 1830 1048 1870; x_wconf 80' lang='lat' dir='ltr'>eves</span> <span class='ocrx_word' id='word_1_145' title='bbox 1060 1815 1193 1884; x_wconf 86' lang='lat' dir='ltr'>necaret,</span> <span class='ocrx_word' id='word_1_146' title='bbox 1208 1813 1288 1871; x_wconf 88' lang='lat' dir='ltr'>unde</span> <span class='ocrx_word' id='word_1_147' title='bbox 1302 1816 1334 1870; x_wconf 90' lang='lat' dir='ltr'>et</span> <span class='ocrx_word' id='word_1_148' title='bbox 1346 1812 1442 1871; x_wconf 90' lang='lat' dir='ltr'>Aver-</span> 
     </span>
     <span class='ocr_line' id='line_1_16' title="bbox 230 1906 706 1983; baseline 0.002 -23"><span class='ocrx_word' id='word_1_149' title='bbox 230 1924 290 1964; x_wconf 89' lang='lat' dir='ltr'>nus</span> <span class='ocrx_word' id='word_1_150' title='bbox 305 1906 408 1964; x_wconf 85' lang='lat' dir='ltr'>dictus</span> <span class='ocrx_word' id='word_1_151' title='bbox 422 1911 478 1978; x_wconf 89' lang='lat' dir='ltr'>est,</span> <span class='ocrx_word' id='word_1_152' title='bbox 494 1906 581 1983; x_wconf 80' lang='lat' dir='ltr'>quasi</span> <span class='ocrx_word' id='word_1_153' title='bbox 595 1906 706 1982; x_wconf 79' lang='grc' dir='ltr'>ἅορνος.</span> 
     </span>
    </p>

    <p class='ocr_par' dir='ltr' id='par_1_6' title="bbox 272 1995 1442 2068">
     <span class='ocr_line' id='line_1_17' title="bbox 272 1995 1442 2068; baseline 0 -14"><span class='ocrx_word' id='word_1_154' title='bbox 272 1997 307 2054; x_wconf 90' lang='grc' dir='ltr'>Ρ.</span> <span class='ocrx_word' id='word_1_155' title='bbox 323 1997 371 2068; x_wconf 93' lang='grc'>14,</span> <span class='ocrx_word' id='word_1_156' title='bbox 387 1998 510 2056; x_wconf 82' lang='lat' dir='ltr'>cutorru‘s</span> <span class='ocrx_word' id='word_1_157' title='bbox 531 1998 646 2056; x_wconf 89' lang='lat' dir='ltr'>dicitnr</span> <span class='ocrx_word' id='word_1_158' title='bbox 665 2000 753 2055; x_wconf 83' lang='lat' dir='ltr'>extra</span> <span class='ocrx_word' id='word_1_159' title='bbox 773 1999 887 2054; x_wconf 88' lang='lat' dir='ltr'>terram</span> <span class='ocrx_word' id='word_1_160' title='bbox 908 1996 956 2055; x_wconf 91' lang='lat' dir='ltr'>vel</span> <span class='ocrx_word' id='word_1_161' title='bbox 976 2000 1063 2053; x_wconf 85' lang='lat' dir='ltr'>extra</span> <span class='ocrx_word' id='word_1_162' title='bbox 1082 1996 1238 2068; x_wconf 90' lang='lat' dir='ltr'>terminos,</span> <span class='ocrx_word' id='word_1_163' title='bbox 1258 1995 1309 2056; x_wconf 76' lang='lat' dir='ltr'>dcc.</span> <span class='ocrx_word' id='word_1_164' title='bbox 1355 1995 1442 2056; x_wconf 85' lang='lat' dir='ltr'>Serv.</span> 
     </span>
    </p>
   </div>
   <div class='ocr_carea' id='block_1_3' title="bbox 231 2092 1445 2903">
    <p class='ocr_par' dir='ltr' id='par_1_7' title="bbox 232 2092 1128 2170">
     <span class='ocr_line' id='line_1_18' title="bbox 232 2092 1128 2170; baseline -0.002 -20"><span class='ocrx_word' id='word_1_165' title='bbox 232 2092 269 2151; x_wconf 91' lang='lat' dir='ltr'>A.</span> <span class='ocrx_word' id='word_1_166' title='bbox 284 2093 313 2150; x_wconf 91' lang='grc'>4.</span> <span class='ocrx_word' id='word_1_167' title='bbox 329 2093 398 2166; x_wconf 88' lang='grc'><strong>616,</strong></span> <span class='ocrx_word' id='word_1_168' title='bbox 406 2093 522 2170; x_wconf 81' lang='lat' dir='ltr'>fluibus</span> <span class='ocrx_word' id='word_1_169' title='bbox 532 2093 673 2152; x_wconf 79' lang='lat' dir='ltr'>eutorrr‘e:</span> <span class='ocrx_word' id='word_1_170' title='bbox 689 2097 776 2151; x_wconf 81' lang='lat' dir='ltr'>extra</span> <span class='ocrx_word' id='word_1_171' title='bbox 788 2112 861 2150; x_wconf 89' lang='lat' dir='ltr'>suas</span> <span class='ocrx_word' id='word_1_172' title='bbox 875 2096 972 2149; x_wconf 83' lang='lat' dir='ltr'>terras</span> <span class='ocrx_word' id='word_1_173' title='bbox 985 2101 1128 2149; x_wconf 89' lang='lat' dir='ltr'>remotus.</span> 
     </span>
    </p>

    <p class='ocr_par' dir='ltr' id='par_1_8' title="bbox 231 2180 1442 2334">
     <span class='ocr_line' id='line_1_19' title="bbox 272 2180 1442 2260; baseline -0.003 -20"><span class='ocrx_word' id='word_1_174' title='bbox 272 2184 306 2240; x_wconf 94' lang='grc' dir='ltr'>Ρ.</span> <span class='ocrx_word' id='word_1_175' title='bbox 330 2183 376 2254; x_wconf 84' lang='grc'>15,</span> <span class='ocrx_word' id='word_1_176' title='bbox 400 2189 497 2241; x_wconf 86' lang='lat' dir='ltr'>torrue</span> <span class='ocrx_word' id='word_1_177' title='bbox 520 2182 636 2241; x_wconf 87' lang='lat' dir='ltr'>dicitur</span> <span class='ocrx_word' id='word_1_178' title='bbox 652 2183 731 2260; x_wconf 82' lang='lat' dir='ltr'>suu.-</span> <span class='ocrx_word' id='word_1_179' title='bbox 761 2182 845 2240; x_wconf 90' lang='lat' dir='ltr'>unde</span> <span class='ocrx_word' id='word_1_180' title='bbox 872 2185 904 2240; x_wconf 88' lang='lat' dir='ltr'>at</span> <span class='ocrx_word' id='word_1_181' title='bbox 932 2181 1078 2239; x_wconf 85' lang='lat' dir='ltr'>torridcre</span> <span class='ocrx_word' id='word_1_182' title='bbox 1105 2180 1239 2239; x_wconf 86' lang='lat' dir='ltr'>dicimus</span> <span class='ocrx_word' id='word_1_183' title='bbox 1269 2181 1442 2239; x_wconf 80' lang='lat' dir='ltr'>comburere.</span> 
     </span>
     <span class='ocr_line' id='line_1_20' title="bbox 231 2273 645 2334; baseline 0 -3"><span class='ocrx_word' id='word_1_184' title='bbox 231 2274 412 2334; x_wconf 88' lang='lat' dir='ltr'>Illustrated</span> <span class='ocrx_word' id='word_1_185' title='bbox 424 2275 506 2332; x_wconf 81' lang='lat' dir='ltr'>from</span> <span class='ocrx_word' id='word_1_186' title='bbox 521 2273 645 2332; x_wconf 90' lang='lat' dir='ltr'>Accius.</span> 
     </span>
    </p>

    <p class='ocr_par' dir='ltr' id='par_1_9' title="bbox 231 2365 1445 2621">
     <span class='ocr_line' id='line_1_21' title="bbox 274 2365 1444 2439; baseline -0.006 -11"><span class='ocrx_word' id='word_1_187' title='bbox 274 2367 407 2439; x_wconf 84' lang='lat' dir='ltr'>Servius,</span> <span class='ocrx_word' id='word_1_188' title='bbox 422 2366 461 2424; x_wconf 90' lang='lat' dir='ltr'>A.</span> <span class='ocrx_word' id='word_1_189' title='bbox 477 2368 524 2426; x_wconf 90' lang='lat'>12.</span> <span class='ocrx_word' id='word_1_190' title='bbox 542 2368 609 2439; x_wconf 86' lang='lat'>298,</span> <span class='ocrx_word' id='word_1_191' title='bbox 627 2367 766 2425; x_wconf 77' lang='lat' dir='ltr'>Turrem:</span> <span class='ocrx_word' id='word_1_192' title='bbox 788 2366 848 2425; x_wconf 91' lang='lat' dir='ltr'>erit</span> <span class='ocrx_word' id='word_1_193' title='bbox 861 2365 1072 2425; x_wconf 84' lang='lat' dir='ltr'>nominativus</span> <span class='ocrx_word' id='word_1_194' title='bbox 1086 2365 1133 2424; x_wconf 83' lang='lat' dir='ltr'>lu&#39;c</span> <span class='ocrx_word' id='word_1_195' title='bbox 1147 2365 1243 2438; x_wconf 77' lang='lat' dir='ltr'>torris,</span> <span class='ocrx_word' id='word_1_196' title='bbox 1258 2365 1349 2425; x_wconf 87' lang='lat' dir='ltr'>etita</span> <span class='ocrx_word' id='word_1_197' title='bbox 1360 2383 1444 2423; x_wconf 88' lang='lat' dir='ltr'>nunc</span> 
     </span>
     <span class='ocr_line' id='line_1_22' title="bbox 231 2456 1445 2536; baseline -0.003 -17"><span class='ocrx_word' id='word_1_198' title='bbox 231 2459 372 2519; x_wconf 89' lang='lat' dir='ltr'>dicimus.</span> <span class='ocrx_word' id='word_1_199' title='bbox 413 2458 496 2517; x_wconf 89' lang='lat' dir='ltr'>Nam</span> <span class='ocrx_word' id='word_1_200' title='bbox 512 2458 590 2517; x_wconf 90' lang='lat' dir='ltr'>illud</span> <span class='ocrx_word' id='word_1_201' title='bbox 609 2458 703 2517; x_wconf 82' lang='lat' dir='ltr'>Ennii</span> <span class='ocrx_word' id='word_1_202' title='bbox 719 2463 750 2517; x_wconf 91' lang='lat' dir='ltr'>et</span> <span class='ocrx_word' id='word_1_203' title='bbox 770 2458 900 2519; x_wconf 85' lang='lat' dir='ltr'>Pacuvii</span> <span class='ocrx_word' id='word_1_204' title='bbox 920 2458 1045 2536; x_wconf 88' lang='lat' dir='ltr'>penitus</span> <span class='ocrx_word' id='word_1_205' title='bbox 1063 2456 1102 2515; x_wconf 90' lang='lat' dir='ltr'>de</span> <span class='ocrx_word' id='word_1_206' title='bbox 1120 2478 1180 2516; x_wconf 90' lang='lat' dir='ltr'>usu</span> <span class='ocrx_word' id='word_1_207' title='bbox 1195 2458 1326 2530; x_wconf 82' lang='lat' dir='ltr'>recessit,</span> <span class='ocrx_word' id='word_1_208' title='bbox 1341 2461 1379 2516; x_wconf 89' lang='lat' dir='ltr'>ut</span> <span class='ocrx_word' id='word_1_209' title='bbox 1397 2456 1445 2515; x_wconf 77' lang='lat' dir='ltr'>lu‘c</span> 
     </span>
     <span class='ocr_line' id='line_1_23' title="bbox 233 2549 693 2621; baseline -0.004 -13"><span class='ocrx_word' id='word_1_210' title='bbox 233 2557 338 2621; x_wconf 85' lang='lat' dir='ltr'>torrue,</span> <span class='ocrx_word' id='word_1_211' title='bbox 352 2550 443 2608; x_wconf 78' lang='lat' dir='ltr'>buius</span> <span class='ocrx_word' id='word_1_212' title='bbox 457 2550 532 2608; x_wconf 82' lang='lat' dir='ltr'>torrc&#39;</span> <span class='ocrx_word' id='word_1_213' title='bbox 545 2549 693 2608; x_wconf 86' lang='lat' dir='ltr'>dicamus.</span> 
     </span>
    </p>

    <p class='ocr_par' dir='ltr' id='par_1_10' title="bbox 231 2640 1445 2804">
     <span class='ocr_line' id='line_1_24' title="bbox 272 2640 1445 2717; baseline 0 -17"><span class='ocrx_word' id='word_1_214' title='bbox 272 2642 307 2699; x_wconf 91' lang='lat' dir='ltr'>P.</span> <span class='ocrx_word' id='word_1_215' title='bbox 333 2641 380 2712; x_wconf 89' lang='lat'>18,</span> <span class='ocrx_word' id='word_1_216' title='bbox 404 2660 511 2699; x_wconf 79' lang='lat' dir='ltr'>rumeu</span> <span class='ocrx_word' id='word_1_217' title='bbox 534 2640 649 2700; x_wconf 90' lang='lat' dir='ltr'>dicitur</span> <span class='ocrx_word' id='word_1_218' title='bbox 667 2640 753 2699; x_wconf 89' lang='lat' dir='ltr'>locus</span> <span class='ocrx_word' id='word_1_219' title='bbox 772 2642 806 2699; x_wconf 92' lang='lat' dir='ltr'>in</span> <span class='ocrx_word' id='word_1_220' title='bbox 830 2644 939 2700; x_wconf 87' lang='lat' dir='ltr'>ventre</span> <span class='ocrx_word' id='word_1_221' title='bbox 963 2660 1024 2717; x_wconf 91' lang='lat' dir='ltr'>quo</span> <span class='ocrx_word' id='word_1_222' title='bbox 1049 2640 1135 2698; x_wconf 87' lang='lat' dir='ltr'>cibus</span> <span class='ocrx_word' id='word_1_223' title='bbox 1154 2640 1290 2698; x_wconf 83' lang='lat' dir='ltr'>sumitur</span> <span class='ocrx_word' id='word_1_224' title='bbox 1310 2645 1342 2699; x_wconf 86' lang='lat' dir='ltr'>et</span> <span class='ocrx_word' id='word_1_225' title='bbox 1362 2641 1445 2700; x_wconf 85' lang='lat' dir='ltr'>unde</span> 
     </span>
     <span class='ocr_line' id='line_1_25' title="bbox 231 2732 453 2804; baseline -0.009 -12"><span class='ocrx_word' id='word_1_226' title='bbox 231 2733 381 2804; x_wconf 85' lang='lat' dir='ltr'>redditur,</span> <span class='ocrx_word' id='word_1_227' title='bbox 399 2732 453 2792; x_wconf 72' lang='grc'>10.</span> 
     </span>
    </p>

    <p class='ocr_par' dir='ltr' id='par_1_11' title="bbox 274 2824 1445 2903">
     <span class='ocr_line' id='line_1_26' title="bbox 274 2824 1445 2903; baseline -0.003 -19"><span class='ocrx_word' id='word_1_228' title='bbox 274 2825 362 2884; x_wconf 82' lang='lat' dir='ltr'>Serv.</span> <span class='ocrx_word' id='word_1_229' title='bbox 391 2824 428 2883; x_wconf 74' lang='lat' dir='ltr'>E.</span> <span class='ocrx_word' id='word_1_230' title='bbox 450 2826 479 2885; x_wconf 86' lang='lat'>6.</span> <span class='ocrx_word' id='word_1_231' title='bbox 506 2827 554 2895; x_wconf 82' lang='lat'>54,</span> <span class='ocrx_word' id='word_1_232' title='bbox 578 2826 741 2885; x_wconf 82' lang='lat' dir='ltr'>urmiuctio</span> <span class='ocrx_word' id='word_1_233' title='bbox 770 2831 873 2885; x_wconf 89' lang='lat' dir='ltr'>autem</span> <span class='ocrx_word' id='word_1_234' title='bbox 897 2832 984 2886; x_wconf 83' lang='grc'>0010</span> <span class='ocrx_word' id='word_1_235' title='bbox 1006 2845 1103 2898; x_wconf 78' lang='lat' dir='ltr'>ruuruc,</span> <span class='ocrx_word' id='word_1_236' title='bbox 1128 2827 1283 2885; x_wconf 87' lang='lat' dir='ltr'>eminente</span> <span class='ocrx_word' id='word_1_237' title='bbox 1306 2824 1445 2903; x_wconf 89' lang='lat' dir='ltr'>gutturis</span> 
     </span>
    </p>
   </div>
   <div class='ocr_carea' id='block_1_4' title="bbox 231 2916 1445 3068">
    <p class='ocr_par' dir='ltr' id='par_1_12' title="bbox 231 2916 1445 3068">
     <span class='ocr_line' id='line_1_27' title="bbox 231 2916 1445 3067; baseline 0 -92"><span class='ocrx_word' id='word_1_238' title='bbox 231 2921 333 3065; x_wconf 62' lang='lat' dir='ltr'>partp:</span> <span class='ocrx_word' id='word_1_239' title='bbox 345 2937 412 3067; x_wconf 85' lang='lat' dir='ltr'>8per</span> <span class='ocrx_word' id='word_1_240' title='bbox 427 2937 522 2995; x_wconf 88' lang='lat' dir='ltr'>quam</span> <span class='ocrx_word' id='word_1_241' title='bbox 536 2918 688 2977; x_wconf 85' lang='lat' dir='ltr'>demissus</span> <span class='ocrx_word' id='word_1_242' title='bbox 702 2919 788 2977; x_wconf 89' lang='lat' dir='ltr'>cibus</span> <span class='ocrx_word' id='word_1_243' title='bbox 801 2939 820 2978; x_wconf 88' lang='lat' dir='ltr'>a</span> <span class='ocrx_word' id='word_1_244' title='bbox 833 2920 927 2979; x_wconf 87' lang='lat' dir='ltr'>certis</span> <span class='ocrx_word' id='word_1_245' title='bbox 939 2923 1103 2979; x_wconf 82' lang='lat' dir='ltr'>revocatur</span> <span class='ocrx_word' id='word_1_246' title='bbox 1115 2919 1306 2977; x_wconf 83' lang='lat' dir='ltr'>animalibus.</span> <span class='ocrx_word' id='word_1_247' title='bbox 1337 2916 1445 2995; x_wconf 80' lang='lat' dir='ltr'>Comp.</span> 
     </span>
     <span class='ocr_line' id='line_1_28' title="bbox 233 3009 438 3068; baseline 0.015 -3"><span class='ocrx_word' id='word_1_248' title='bbox 233 3009 273 3066; x_wconf 81' lang='lat' dir='ltr'>r‘t.</span> <span class='ocrx_word' id='word_1_249' title='bbox 321 3050 327 3064; x_wconf 92' lang='lat'>.</span> <span class='ocrx_word' id='word_1_250' title='bbox 365 3009 438 3068; x_wconf 86' lang='lat'>.90.</span> 
     </span>
    </p>
   </div>
   <div class='ocr_carea' id='block_1_5' title="bbox 232 3099 1446 3448">
    <p class='ocr_par' dir='ltr' id='par_1_13' title="bbox 232 3099 1446 3448">
     <span class='ocr_line' id='line_1_29' title="bbox 272 3099 1444 3179; baseline 0.002 -23"><span class='ocrx_word' id='word_1_251' title='bbox 272 3099 306 3157; x_wconf 90' lang='lat' dir='ltr'>P.</span> <span class='ocrx_word' id='word_1_252' title='bbox 322 3099 370 3172; x_wconf 90' lang='lat'>21,</span> <span class='ocrx_word' id='word_1_253' title='bbox 386 3120 514 3158; x_wconf 84' lang='lat' dir='ltr'>ceruuua</span> <span class='ocrx_word' id='word_1_254' title='bbox 528 3100 643 3159; x_wconf 86' lang='lat' dir='ltr'>dicitur</span> <span class='ocrx_word' id='word_1_255' title='bbox 660 3101 784 3179; x_wconf 88' lang='lat' dir='ltr'>proprie</span> <span class='ocrx_word' id='word_1_256' title='bbox 801 3103 974 3175; x_wconf 81' lang='lat' dir='ltr'>iucliuutus,</span> <span class='ocrx_word' id='word_1_257' title='bbox 990 3101 1078 3179; x_wconf 89' lang='lat' dir='ltr'>qnasi</span> <span class='ocrx_word' id='word_1_258' title='bbox 1094 3102 1176 3179; x_wconf 90' lang='lat' dir='ltr'>qnod</span> <span class='ocrx_word' id='word_1_259' title='bbox 1197 3105 1311 3160; x_wconf 86' lang='lat' dir='ltr'>terram</span> <span class='ocrx_word' id='word_1_260' title='bbox 1329 3105 1444 3160; x_wconf 88' lang='lat' dir='ltr'>cernat.</span> 
     </span>
     <span class='ocr_line' id='line_1_30' title="bbox 232 3190 1446 3271; baseline 0.002 -23"><span class='ocrx_word' id='word_1_261' title='bbox 232 3190 368 3251; x_wconf 85' lang='lat' dir='ltr'>Lucilius</span> <span class='ocrx_word' id='word_1_262' title='bbox 394 3192 579 3252; x_wconf 86' lang='lat' dir='ltr'>Saturarum</span> <span class='ocrx_word' id='word_1_263' title='bbox 607 3193 661 3251; x_wconf 91' lang='lat' dir='ltr'>lib.</span> <span class='ocrx_word' id='word_1_264' title='bbox 685 3193 745 3250; x_wconf 91' lang='lat' dir='ltr'>III.</span> <span class='ocrx_word' id='word_1_265' title='bbox 774 3197 937 3253; x_wconf 86' lang='lat' dir='ltr'>“cernuus</span> <span class='ocrx_word' id='word_1_266' title='bbox 964 3195 1118 3270; x_wconf 86' lang='lat' dir='ltr'>extemplo</span> <span class='ocrx_word' id='word_1_267' title='bbox 1145 3194 1267 3271; x_wconf 86' lang='lat' dir='ltr'>plantas</span> <span class='ocrx_word' id='word_1_268' title='bbox 1293 3192 1446 3252; x_wconf 90' lang='lat' dir='ltr'>convertit</span> 
     </span>
     <span class='ocr_line' id='line_1_31' title="bbox 232 3282 1444 3362; baseline 0.003 -23"><span class='ocrx_word' id='word_1_269' title='bbox 232 3282 404 3342; x_wconf 83' lang='lat' dir='ltr'>honestus.’‘</span> <span class='ocrx_word' id='word_1_270' title='bbox 461 3285 620 3361; x_wconf 87' lang='lat' dir='ltr'>Vergilius</span> <span class='ocrx_word' id='word_1_271' title='bbox 644 3285 697 3344; x_wconf 91' lang='lat' dir='ltr'>lib.</span> <span class='ocrx_word' id='word_1_272' title='bbox 720 3285 762 3343; x_wconf 88' lang='lat' dir='ltr'>X.</span> <span class='ocrx_word' id='word_1_273' title='bbox 787 3289 804 3316; x_wconf 88' lang='lat'><strong>“</strong></span> <span class='ocrx_word' id='word_1_274' title='bbox 815 3286 973 3362; x_wconf 86' lang='lat' dir='ltr'>eiectoque</span> <span class='ocrx_word' id='word_1_275' title='bbox 996 3286 1148 3345; x_wconf 88' lang='lat' dir='ltr'>incumbit</span> <span class='ocrx_word' id='word_1_276' title='bbox 1174 3305 1305 3344; x_wconf 88' lang='lat' dir='ltr'>cernuus</span> <span class='ocrx_word' id='word_1_277' title='bbox 1328 3284 1444 3343; x_wconf 89' lang='lat' dir='ltr'>armo.&#39;’</span> 
     </span>
     <span class='ocr_line' id='line_1_32' title="bbox 234 3374 1444 3448; baseline 0.001 -17"><span class='ocrx_word' id='word_1_278' title='bbox 234 3374 371 3434; x_wconf 87' lang='lat' dir='ltr'>Lucilius</span> <span class='ocrx_word' id='word_1_279' title='bbox 389 3375 574 3435; x_wconf 80' lang='lat' dir='ltr'>Saturarum</span> <span class='ocrx_word' id='word_1_280' title='bbox 589 3376 641 3436; x_wconf 89' lang='lat' dir='ltr'>lib.</span> <span class='ocrx_word' id='word_1_281' title='bbox 658 3376 797 3436; x_wconf 87' lang='lat' dir='ltr'><strong>XXVII.</strong></span> <span class='ocrx_word' id='word_1_282' title='bbox 813 3378 930 3435; x_wconf 89' lang='lat' dir='ltr'>“modo</span> <span class='ocrx_word' id='word_1_283' title='bbox 950 3398 1080 3448; x_wconf 89' lang='lat' dir='ltr'>sursum,</span> <span class='ocrx_word' id='word_1_284' title='bbox 1094 3377 1184 3436; x_wconf 90' lang='lat' dir='ltr'>modo</span> <span class='ocrx_word' id='word_1_285' title='bbox 1204 3378 1353 3448; x_wconf 88' lang='lat' dir='ltr'>deorsum,</span> <span class='ocrx_word' id='word_1_286' title='bbox 1367 3380 1444 3433; x_wconf 88' lang='lat' dir='ltr'>tam-</span> 
     </span>
    </p>
   </div>
   <div class='ocr_carea' id='block_1_6' title="bbox 233 3469 1448 4557">
    <p class='ocr_par' dir='ltr' id='par_1_14' title="bbox 233 3469 1444 3643">
     <span class='ocr_line' id='line_1_33' title="bbox 234 3469 1444 3548; baseline 0.001 -23"><span class='ocrx_word' id='word_1_287' title='bbox 234 3487 327 3544; x_wconf 86' lang='lat' dir='ltr'>qnam</span> <span class='ocrx_word' id='word_1_288' title='bbox 341 3470 436 3528; x_wconf 88' lang='lat' dir='ltr'>collus</span> <span class='ocrx_word' id='word_1_289' title='bbox 450 3470 585 3528; x_wconf 84' lang='lat' dir='ltr'>cernui.&#39;’</span> <span class='ocrx_word' id='word_1_290' title='bbox 627 3471 728 3529; x_wconf 83' lang='lat' dir='ltr'>Varro</span> <span class='ocrx_word' id='word_1_291' title='bbox 743 3471 780 3529; x_wconf 88' lang='lat' dir='ltr'>de</span> <span class='ocrx_word' id='word_1_292' title='bbox 793 3471 869 3530; x_wconf 86' lang='lat' dir='ltr'>Vita</span> <span class='ocrx_word' id='word_1_293' title='bbox 883 3471 958 3528; x_wconf 70' lang='lat' dir='ltr'>Pu.</span> <span class='ocrx_word' id='word_1_294' title='bbox 971 3471 1025 3530; x_wconf 91' lang='lat' dir='ltr'>lib.</span> <span class='ocrx_word' id='word_1_295' title='bbox 1036 3470 1060 3528; x_wconf 95' lang='lat' dir='ltr'>I.</span> <span class='ocrx_word' id='word_1_296' title='bbox 1074 3473 1091 3500; x_wconf 94' lang='lat'><strong>“</strong></span> <span class='ocrx_word' id='word_1_297' title='bbox 1100 3472 1193 3529; x_wconf 85' lang='lat' dir='ltr'>etiarn</span> <span class='ocrx_word' id='word_1_298' title='bbox 1206 3472 1300 3548; x_wconf 90' lang='lat' dir='ltr'>pelles</span> <span class='ocrx_word' id='word_1_299' title='bbox 1314 3469 1444 3528; x_wconf 87' lang='lat' dir='ltr'>bubulus</span> 
     </span>
     <span class='ocr_line' id='line_1_34' title="bbox 233 3560 1118 3643; baseline -0.001 -25"><span class='ocrx_word' id='word_1_300' title='bbox 233 3560 300 3618; x_wconf 91' lang='lat' dir='ltr'>oleo</span> <span class='ocrx_word' id='word_1_301' title='bbox 314 3560 456 3637; x_wconf 87' lang='lat' dir='ltr'>perfusas</span> <span class='ocrx_word' id='word_1_302' title='bbox 469 3562 700 3643; x_wconf 84' lang='lat' dir='ltr'>percurrebant,</span> <span class='ocrx_word' id='word_1_303' title='bbox 715 3561 820 3638; x_wconf 91' lang='lat' dir='ltr'>ibique</span> <span class='ocrx_word' id='word_1_304' title='bbox 833 3562 1049 3632; x_wconf 87' lang='lat' dir='ltr'>cernuabant,&#39;’</span> <span class='ocrx_word' id='word_1_305' title='bbox 1065 3561 1118 3620; x_wconf 73' lang='grc'>10.</span> 
     </span>
    </p>

    <p class='ocr_par' dir='ltr' id='par_1_15' title="bbox 233 3650 1447 3986">
     <span class='ocr_line' id='line_1_35' title="bbox 277 3650 1444 3730; baseline -0.002 -20"><span class='ocrx_word' id='word_1_306' title='bbox 277 3650 412 3722; x_wconf 83' lang='lat' dir='ltr'>Servius,</span> <span class='ocrx_word' id='word_1_307' title='bbox 425 3651 464 3708; x_wconf 89' lang='lat' dir='ltr'>A.</span> <span class='ocrx_word' id='word_1_308' title='bbox 476 3652 524 3710; x_wconf 88' lang='lat'>10.</span> <span class='ocrx_word' id='word_1_309' title='bbox 535 3653 603 3724; x_wconf 86' lang='lat'>894,</span> <span class='ocrx_word' id='word_1_310' title='bbox 615 3673 737 3712; x_wconf 78' lang='lat' dir='ltr'>cernuus</span> <span class='ocrx_word' id='word_1_311' title='bbox 746 3653 860 3711; x_wconf 88' lang='lat' dir='ltr'>dicitur</span> <span class='ocrx_word' id='word_1_312' title='bbox 870 3672 967 3730; x_wconf 90' lang='lat' dir='ltr'>equus</span> <span class='ocrx_word' id='word_1_313' title='bbox 977 3653 1030 3728; x_wconf 89' lang='lat' dir='ltr'>qni</span> <span class='ocrx_word' id='word_1_314' title='bbox 1043 3652 1126 3710; x_wconf 89' lang='lat' dir='ltr'>cadit</span> <span class='ocrx_word' id='word_1_315' title='bbox 1139 3653 1171 3710; x_wconf 91' lang='lat' dir='ltr'>in</span> <span class='ocrx_word' id='word_1_316' title='bbox 1185 3652 1302 3723; x_wconf 86' lang='lat' dir='ltr'>faciem,</span> <span class='ocrx_word' id='word_1_317' title='bbox 1312 3650 1399 3728; x_wconf 89' lang='lat' dir='ltr'>quasi</span> <span class='ocrx_word' id='word_1_318' title='bbox 1412 3650 1444 3708; x_wconf 91' lang='lat' dir='ltr'>in</span> 
     </span>
     <span class='ocr_line' id='line_1_36' title="bbox 234 3744 1447 3822; baseline 0.001 -21"><span class='ocrx_word' id='word_1_319' title='bbox 234 3747 434 3820; x_wconf 80' lang='lat' dir='ltr'>campartem</span> <span class='ocrx_word' id='word_1_320' title='bbox 451 3763 516 3820; x_wconf 84' lang='lat' dir='ltr'>qua</span> <span class='ocrx_word' id='word_1_321' title='bbox 532 3745 693 3804; x_wconf 84' lang='lat' dir='ltr'>cernimus.</span> <span class='ocrx_word' id='word_1_322' title='bbox 735 3744 827 3803; x_wconf 88' lang='lat' dir='ltr'>Unde</span> <span class='ocrx_word' id='word_1_323' title='bbox 847 3751 879 3803; x_wconf 89' lang='lat' dir='ltr'>et</span> <span class='ocrx_word' id='word_1_324' title='bbox 899 3745 987 3822; x_wconf 89' lang='lat' dir='ltr'>pueri</span> <span class='ocrx_word' id='word_1_325' title='bbox 1006 3763 1082 3821; x_wconf 86' lang='lat' dir='ltr'>qnos</span> <span class='ocrx_word' id='word_1_326' title='bbox 1101 3744 1134 3802; x_wconf 91' lang='lat' dir='ltr'>in</span> <span class='ocrx_word' id='word_1_327' title='bbox 1153 3744 1234 3802; x_wconf 88' lang='lat' dir='ltr'>ludis</span> <span class='ocrx_word' id='word_1_328' title='bbox 1247 3744 1396 3812; x_wconf 89' lang='lat' dir='ltr'>videmus,</span> <span class='ocrx_word' id='word_1_329' title='bbox 1410 3763 1447 3802; x_wconf 82' lang='lat' dir='ltr'>ea</span> 
     </span>
     <span class='ocr_line' id='line_1_37' title="bbox 233 3835 1445 3911; baseline 0.003 -20"><span class='ocrx_word' id='word_1_330' title='bbox 233 3840 321 3911; x_wconf 88' lang='lat' dir='ltr'>parte</span> <span class='ocrx_word' id='word_1_331' title='bbox 334 3853 395 3910; x_wconf 87' lang='lat' dir='ltr'>qua</span> <span class='ocrx_word' id='word_1_332' title='bbox 415 3840 546 3893; x_wconf 86' lang='lat' dir='ltr'>cernunt</span> <span class='ocrx_word' id='word_1_333' title='bbox 567 3841 686 3896; x_wconf 89' lang='lat' dir='ltr'>stantes</span> <span class='ocrx_word' id='word_1_334' title='bbox 706 3835 808 3896; x_wconf 83' lang='lat' dir='ltr'>ccruuu&#39;</span> <span class='ocrx_word' id='word_1_335' title='bbox 823 3840 989 3910; x_wconf 87' lang='lat' dir='ltr'>vocantur:</span> <span class='ocrx_word' id='word_1_336' title='bbox 1014 3842 1050 3895; x_wconf 93' lang='lat' dir='ltr'>nt</span> <span class='ocrx_word' id='word_1_337' title='bbox 1071 3837 1164 3894; x_wconf 87' lang='lat' dir='ltr'>etiam</span> <span class='ocrx_word' id='word_1_338' title='bbox 1181 3835 1281 3896; x_wconf 79' lang='lat' dir='ltr'>Varro</span> <span class='ocrx_word' id='word_1_339' title='bbox 1300 3836 1334 3893; x_wconf 92' lang='lat' dir='ltr'>in</span> <span class='ocrx_word' id='word_1_340' title='bbox 1350 3837 1445 3895; x_wconf 86' lang='lat' dir='ltr'>Ludis</span> 
     </span>
     <span class='ocr_line' id='line_1_38' title="bbox 236 3926 565 3986; baseline 0.009 -3"><span class='ocrx_word' id='word_1_341' title='bbox 236 3926 452 3985; x_wconf 84' lang='lat' dir='ltr'>Theatralibus</span> <span class='ocrx_word' id='word_1_342' title='bbox 467 3928 565 3986; x_wconf 90' lang='lat' dir='ltr'>docet.</span> 
     </span>
    </p>

    <p class='ocr_par' dir='ltr' id='par_1_16' title="bbox 236 4016 1446 4188">
     <span class='ocr_line' id='line_1_39' title="bbox 275 4016 1446 4098; baseline 0.003 -25"><span class='ocrx_word' id='word_1_343' title='bbox 275 4016 310 4074; x_wconf 91' lang='lat' dir='ltr'>P.</span> <span class='ocrx_word' id='word_1_344' title='bbox 332 4016 380 4087; x_wconf 92' lang='grc'>21,</span> <span class='ocrx_word' id='word_1_345' title='bbox 402 4017 561 4076; x_wconf 82' lang='lat' dir='ltr'>stricturae</span> <span class='ocrx_word' id='word_1_346' title='bbox 582 4019 728 4077; x_wconf 86' lang='lat' dir='ltr'>dicuntur</span> <span class='ocrx_word' id='word_1_347' title='bbox 746 4020 869 4098; x_wconf 87' lang='lat' dir='ltr'>proprie</span> <span class='ocrx_word' id='word_1_348' title='bbox 890 4019 1040 4078; x_wconf 85' lang='lat' dir='ltr'>scintillae</span> <span class='ocrx_word' id='word_1_349' title='bbox 1060 4039 1138 4096; x_wconf 84' lang='lat' dir='ltr'>quae</span> <span class='ocrx_word' id='word_1_350' title='bbox 1155 4019 1193 4077; x_wconf 85' lang='lat' dir='ltr'>de</span> <span class='ocrx_word' id='word_1_351' title='bbox 1212 4018 1294 4077; x_wconf 86' lang='lat' dir='ltr'>ferro</span> <span class='ocrx_word' id='word_1_352' title='bbox 1313 4019 1446 4080; x_wconf 79' lang='lat' dir='ltr'>ferventi</span> 
     </span>
     <span class='ocr_line' id='line_1_40' title="bbox 236 4107 1286 4188; baseline -0.001 -20"><span class='ocrx_word' id='word_1_353' title='bbox 236 4114 320 4180; x_wconf 89' lang='lat' dir='ltr'>eunt,</span> <span class='ocrx_word' id='word_1_354' title='bbox 338 4107 390 4168; x_wconf 78' lang='lat' dir='ltr'>duc.</span> <span class='ocrx_word' id='word_1_355' title='bbox 431 4110 592 4188; x_wconf 86' lang='lat' dir='ltr'>Vergilius</span> <span class='ocrx_word' id='word_1_356' title='bbox 606 4112 659 4170; x_wconf 90' lang='lat' dir='ltr'>lib.</span> <span class='ocrx_word' id='word_1_357' title='bbox 674 4111 765 4170; x_wconf 85' lang='lat' dir='ltr'>VHI.</span> <span class='ocrx_word' id='word_1_358' title='bbox 807 4112 944 4172; x_wconf 84' lang='lat' dir='ltr'>Lucilius</span> <span class='ocrx_word' id='word_1_359' title='bbox 963 4110 1145 4171; x_wconf 82' lang='lat' dir='ltr'>Saturarum</span> <span class='ocrx_word' id='word_1_360' title='bbox 1159 4110 1211 4170; x_wconf 93' lang='lat' dir='ltr'>lib.</span> <span class='ocrx_word' id='word_1_361' title='bbox 1226 4110 1286 4168; x_wconf 87' lang='grc' dir='ltr'>ΙΙΙ.</span> 
     </span>
    </p>

    <p class='ocr_par' dir='ltr' id='par_1_17' title="bbox 279 4201 1309 4276">
     <span class='ocr_line' id='line_1_41' title="bbox 279 4201 1309 4276; baseline 0.001 -16"><span class='ocrx_word' id='word_1_362' title='bbox 279 4201 414 4274; x_wconf 87' lang='lat' dir='ltr'>Servius,</span> <span class='ocrx_word' id='word_1_363' title='bbox 429 4202 466 4259; x_wconf 82' lang='lat' dir='ltr'>A.</span> <span class='ocrx_word' id='word_1_364' title='bbox 483 4202 510 4260; x_wconf 89' lang='grc'>8.</span> <span class='ocrx_word' id='word_1_365' title='bbox 526 4204 595 4276; x_wconf 89' lang='grc'>420,</span> <span class='ocrx_word' id='word_1_366' title='bbox 610 4204 751 4262; x_wconf 82' lang='lat' dir='ltr'>strictura</span> <span class='ocrx_word' id='word_1_367' title='bbox 764 4209 811 4263; x_wconf 86' lang='grc'>001</span> <span class='ocrx_word' id='word_1_368' title='bbox 825 4210 907 4264; x_wconf 85' lang='lat' dir='ltr'>terra</span> <span class='ocrx_word' id='word_1_369' title='bbox 919 4204 994 4264; x_wconf 88' lang='lat' dir='ltr'>ferri</span> <span class='ocrx_word' id='word_1_370' title='bbox 1004 4205 1037 4262; x_wconf 92' lang='lat' dir='ltr'>in</span> <span class='ocrx_word' id='word_1_371' title='bbox 1050 4223 1181 4263; x_wconf 86' lang='lat' dir='ltr'>massam</span> <span class='ocrx_word' id='word_1_372' title='bbox 1196 4209 1309 4262; x_wconf 80' lang='lat' dir='ltr'>coacta</span> 
     </span>
    </p>

    <p class='ocr_par' dir='ltr' id='par_1_18' title="bbox 235 4293 1448 4557">
     <span class='ocr_line' id='line_1_42' title="bbox 276 4293 1446 4374; baseline 0.002 -24"><span class='ocrx_word' id='word_1_373' title='bbox 276 4293 312 4350; x_wconf 94' lang='lat' dir='ltr'>P.</span> <span class='ocrx_word' id='word_1_374' title='bbox 328 4294 376 4365; x_wconf 90' lang='lat'>22,</span> <span class='ocrx_word' id='word_1_375' title='bbox 398 4294 496 4369; x_wconf 67' lang='lat' dir='ltr'>gliscit</span> <span class='ocrx_word' id='word_1_376' title='bbox 517 4300 563 4353; x_wconf 86' lang='lat' dir='ltr'>est</span> <span class='ocrx_word' id='word_1_377' title='bbox 580 4296 769 4372; x_wconf 78' lang='lat' dir='ltr'>congelascit</span> <span class='ocrx_word' id='word_1_378' title='bbox 791 4301 824 4355; x_wconf 88' lang='lat' dir='ltr'>et</span> <span class='ocrx_word' id='word_1_379' title='bbox 844 4297 1009 4374; x_wconf 86' lang='lat' dir='ltr'>colligitur,</span> <span class='ocrx_word' id='word_1_380' title='bbox 1032 4297 1082 4356; x_wconf 92' lang='lat' dir='ltr'>vel</span> <span class='ocrx_word' id='word_1_381' title='bbox 1100 4296 1219 4367; x_wconf 91' lang='lat' dir='ltr'>crescit,</span> <span class='ocrx_word' id='word_1_382' title='bbox 1240 4296 1290 4354; x_wconf 89' lang='lat' dir='ltr'>vel</span> <span class='ocrx_word' id='word_1_383' title='bbox 1306 4296 1446 4373; x_wconf 86' lang='lat' dir='ltr'>ignescit.</span> 
     </span>
     <span class='ocr_line' id='line_1_43' title="bbox 235 4385 1447 4465; baseline 0.002 -23"><span class='ocrx_word' id='word_1_384' title='bbox 235 4385 359 4462; x_wconf 90' lang='lat' dir='ltr'>Among</span> <span class='ocrx_word' id='word_1_385' title='bbox 372 4386 460 4444; x_wconf 88' lang='lat' dir='ltr'>otber</span> <span class='ocrx_word' id='word_1_386' title='bbox 474 4387 627 4445; x_wconf 76' lang='lat' dir='ltr'>instaures</span> <span class='ocrx_word' id='word_1_387' title='bbox 644 4387 726 4446; x_wconf 84' lang='lat' dir='ltr'>from</span> <span class='ocrx_word' id='word_1_388' title='bbox 745 4386 912 4465; x_wconf 84' lang='lat' dir='ltr'>Turpilius,</span> <span class='ocrx_word' id='word_1_389' title='bbox 927 4387 1048 4460; x_wconf 91' lang='lat' dir='ltr'>Accius,</span> <span class='ocrx_word' id='word_1_390' title='bbox 1063 4386 1226 4459; x_wconf 88' lang='lat' dir='ltr'>Pacuvius,</span> <span class='ocrx_word' id='word_1_391' title='bbox 1243 4387 1367 4458; x_wconf 85' lang='lat' dir='ltr'>Sallust,</span> <span class='ocrx_word' id='word_1_392' title='bbox 1386 4387 1447 4445; x_wconf 82' lang='lat' dir='ltr'>and</span> 
     </span>
     <span class='ocr_line' id='line_1_44' title="bbox 237 4477 1448 4557; baseline -0.001 -19"><span class='ocrx_word' id='word_1_393' title='bbox 237 4478 343 4539; x_wconf 79' lang='lat' dir='ltr'>(licere</span> <span class='ocrx_word' id='word_1_394' title='bbox 367 4477 528 4556; x_wconf 88' lang='lat' dir='ltr'>(Hortens.</span> <span class='ocrx_word' id='word_1_395' title='bbox 550 4480 648 4556; x_wconf 77' lang='grc'>9110011</span> <span class='ocrx_word' id='word_1_396' title='bbox 668 4481 724 4538; x_wconf 81' lang='lat' dir='ltr'>illu</span> <span class='ocrx_word' id='word_1_397' title='bbox 744 4486 780 4537; x_wconf 92' lang='lat' dir='ltr'>ut</span> <span class='ocrx_word' id='word_1_398' title='bbox 799 4480 877 4556; x_wconf 68' lang='lat' dir='ltr'>iguis</span> <span class='ocrx_word' id='word_1_399' title='bbox 898 4477 976 4557; x_wconf 87' lang='lat' dir='ltr'>oleo)</span> <span class='ocrx_word' id='word_1_400' title='bbox 996 4479 1023 4539; x_wconf 89' lang='lat' dir='ltr'>is</span> <span class='ocrx_word' id='word_1_401' title='bbox 1044 4480 1157 4556; x_wconf 85' lang='lat' dir='ltr'>quoted</span> <span class='ocrx_word' id='word_1_402' title='bbox 1178 4480 1267 4556; x_wconf 85' lang='lat' dir='ltr'>Virg.</span> <span class='ocrx_word' id='word_1_403' title='bbox 1289 4479 1328 4537; x_wconf 84' lang='lat' dir='ltr'>A.</span> <span class='ocrx_word' id='word_1_404' title='bbox 1352 4479 1400 4539; x_wconf 89' lang='grc'>12.</span> <span class='ocrx_word' id='word_1_405' title='bbox 1419 4479 1448 4551; x_wconf 87' lang='grc'>9,</span> 
     </span>
    </p>
   </div>
   <div class='ocr_carea' id='block_1_7' title="bbox 0 0 1635 5059">
    <p class='ocr_par' dir='ltr' id='par_1_19' title="bbox 0 0 1635 5059">
     <span class='ocr_line' id='line_1_45' title="bbox 0 0 1635 5059; baseline 0 0"><span class='ocrx_word' id='word_1_406' title='bbox 0 0 1635 5059; x_wconf 95' lang='lat' dir='ltr'> </span> 
     </span>
    </p>
   </div>
  </div>
 </body>
</html>
