3250 5059
222 346 258 412 xl
410 344 575 412 VIRGIL
598 343 698 412 ΛΝΒ
720 344 799 412 HIS
822 343 1030 411 ANOIENT
1053 344 1241 413 ORITICS.

266 517 391 576 Servius
410 536 450 576 on
467 514 545 575 Aen.
564 516 612 574 12.
629 515 697 588 266,
713 515 798 575 “hoc
816 516 882 574 loco
901 517 940 575 ab
958 516 1087 575 Homeri
1106 515 1283 575 oeconomia
1298 516 1433 576 recessit.

106 683 113 693 ,
224 608 282 667 Ille
303 603 464 686 (antemi)
488 607 607 665 inducit
627 605 799 664 Minervam
823 606 1057 683 persuadentem
1080 606 1220 664 Pandaro
1240 609 1278 664 ut
1299 606 1380 665 iacto
1400 610 1434 666 in

224 698 396 757 Menelaum
409 698 470 755 telo
484 697 612 774 dissipet
629 696 762 755 foedera.
805 696 866 755 Hic
879 716 950 755 vero
965 697 1041 755 dicit
1058 697 1159 773 ipsum
1173 716 1322 774 augurem
1336 697 1433 756 telum

224 795 333 868 sponte
341 789 1119 862 torsisse,etoccidisseunumdenovemfratribns.”
1138 788 1248 848 Aeni).
1256 789 1313 848 269
1323 788 1435 869 (Dua)

226 883 409 942 “honestius
429 883 504 942 fecit
523 884 607 942 ultro
628 882 739 952 offerri,
755 902 826 941 cum
843 882 998 940 Homerus
1016 882 1124 941 fecerit
1139 881 1288 940 Dolonem
1302 882 1434 942 Achillis

172 1046 178 1061 .
225 994 334 1034 currus
356 974 492 1051 improbe
513 972 750 1062 postulantem.''
789 970 866 1032 Aen.
882 973 910 1032 9.
926 974 985 1032 806
1007 973 1145 1031 “melius
1166 992 1259 1049 quam
1280 973 1435 1032 Homerus

226 1068 309 1127 hunc
321 1069 423 1127 locum
437 1074 583 1127 executus
597 1073 660 1139 est;
680 1066 764 1126 salvo
778 1067 861 1126 euim
874 1086 965 1126 sensu
979 1066 1091 1126 vitavit
1104 1070 1135 1124 et
1153 1065 1293 1125 fabulosa
1306 1070 1339 1124 et
1351 1063 1436 1124 vilia.

226 1165 307 1224 Nam
320 1166 371 1224 ille
384 1165 465 1242 ipsas
479 1165 578 1224 minas
591 1163 798 1237 exsequitur.'’

268 1257 312 1316 Το
325 1255 412 1315 66000
424 1275 495 1334 may
508 1257 547 1314 be
562 1255 662 1314 added
678 1255 730 1313 the
749 1253 909 1331 following
926 1254 1065 1314 remarks
1077 1274 1119 1313 on
1133 1253 1259 1331 Virgil’s
1272 1257 1437 1312 treatment

227 1349 261 1410 06
279 1349 424 1426 theology
436 1348 498 1407 and
511 1347 708 1425 mythology:
730 1348 905 1407 Macrobius
920 1350 947 1408 5.
964 1348 1011 1407 16.
1026 1348 1053 1421 8,
1070 1349 1267 1407 “Fortunam
1281 1349 1437 1407 Homerus

226 1441 342 1499 nescire
355 1440 472 1512 maluit,
487 1444 519 1498 et
538 1439 595 1497 soli
613 1438 743 1508 decreto,
757 1458 850 1515 quam
864 1440 967 1514 μοῖραν
979 1445 1077 1512 vocat,
1092 1440 1195 1499 omnia
1207 1441 1342 1517 regenda
1354 1460 1435 1499 com-

227 1533 334 1605 mittit,
348 1532 424 1590 adeo
437 1537 475 1589 nt
491 1532 548 1589 hoc
562 1532 746 1590 vocabulum
759 1530 833 1610 τύχη
849 1533 882 1590 in
901 1534 987 1591 nulla
999 1540 1086 1612 parte
1101 1532 1259 1592 Homerici
1271 1533 1438 1592 voluminis

228 1626 412 1686 nominetur.
465 1624 581 1684 Contra
606 1624 766 1701 Vergilius
799 1645 861 1684 non
895 1626 994 1685 solum
1027 1627 1115 1686 novit
1144 1631 1176 1684 et
1208 1626 1355 1696 meminit,
1384 1625 1439 1685 sed

229 1716 481 1795 omnipotentiam
508 1735 630 1793 quoqne
654 1715 752 1774 eidem
780 1716 900 1788 tribuit,
924 1736 1016 1794 quam
1040 1722 1071 1774 et
1093 1716 1267 1794 philosophi
1291 1717 1344 1793 qni
1371 1735 1439 1774 eam

228 1810 389 1869 nominant
409 1809 485 1866 nihil
505 1828 561 1866 sua
580 1808 611 1866 vi
632 1827 729 1884 posse,
744 1807 797 1867 sed
820 1808 934 1866 decreti
954 1808 1017 1867 sive
1038 1808 1246 1886 providentiae
1267 1809 1439 1866 ministram

229 1921 295 1960 esse
308 1900 482 1960 uoluerunt
507 1942 514 1957 .
541 1942 547 1956 .
573 1899 591 1955 .⁸
608 1899 755 1975 Aegaeon
773 1900 857 1975 apud
871 1900 1042 1958 Homerum
1056 1900 1171 1958 auxilio
1186 1905 1233 1957 est
1251 1898 1336 1969 Iovi;
1355 1899 1440 1957 hunc

229 2000 337 2054 contra
351 1992 455 2052 Iovem
468 1998 589 2052 armant
603 2011 707 2052 versus
725 1991 869 2051 Maronis.
892 2037 899 2050 .
921 2036 929 2050 .
951 2038 958 2051 .
979 1993 1104 2051 Nullam
1121 1993 1438 2053 commemorationem

229 2091 268 2150 de
281 2090 395 2149 iudicio
408 2089 529 2148 Paridis
547 2088 700 2147 Homerus
713 2089 861 2148 admittit.
902 2088 989 2147 Idem
1002 2103 1088 2149 vates
1107 2089 1314 2167 Ganymedem
1328 2110 1391 2148 non
1404 2095 1442 2148 nt

230 2183 358 2242 Iunonis
372 2182 518 2260 paelicem
531 2201 551 2240 a
568 2181 642 2240 Iove
659 2186 792 2258 raptum,
808 2182 863 2240 sed
882 2181 1046 2240 Iovialium
1065 2183 1243 2259 poculorum
1263 2182 1440 2241 ministrum

228 2276 264 2333 in
282 2275 400 2334 caelum
421 2293 440 2331 a
460 2272 507 2330 dis
527 2271 680 2330 adscitum
700 2272 794 2329 refert
816 2316 823 2330 .
849 2314 857 2329 .
887 2317 893 2330 .
921 2271 1081 2348 Vergilius
1101 2276 1219 2330 tantam
1239 2272 1336 2341 deam,
1357 2271 1442 2348 quod

230 2365 329 2423 cuivis
352 2364 389 2422 de
415 2361 553 2420 honestis
580 2359 703 2418 feminis
730 2360 865 2418 deforme
892 2366 948 2433 est,
969 2362 1055 2419 velut
1074 2362 1175 2439 specie
1194 2362 1308 2420 victam
1329 2362 1442 2421 Paride

230 2456 387 2515 iudicante
404 2453 535 2511 doluisse
549 2456 581 2511 et
601 2458 726 2531 propter
747 2452 894 2512 Catamiti
914 2453 1097 2530 paelicatum
1116 2459 1214 2512 totam
1234 2458 1359 2531 gentem
1376 2455 1443 2513 eius

231 2565 357 2606 vexasse
371 2543 617 2602 commemorat.’'

274 2638 381 2696 Under
401 2635 463 2694 this
483 2635 562 2693 head
582 2635 655 2693 falls
674 2635 728 2693 the
749 2634 897 2694 criticism
916 2656 955 2695 ou
974 2635 1027 2694 the
1040 2637 1146 2713 petitio
1163 2637 1281 2696 Veneris
1292 2637 1443 2713 impudica

232 2730 266 2790 06
285 2729 361 2787 Aen.
377 2727 404 2785 8.
419 2726 487 2798 370,
509 2726 608 2785 which
622 2727 649 2784 is
668 2727 790 2785 noticed
808 2727 883 2785 both
898 2729 939 2805 by
954 2727 1080 2786 Servius
1093 2728 1181 2787 there
1194 2729 1255 2786 006
1270 2730 1311 2806 by
1325 2728 1443 2788 Macro-

232 2822 303 2881 bius
321 2820 346 2878 1.
370 2820 418 2877 24.
440 2819 466 2891 2,
489 2817 551 2876 end
573 2818 643 2875 that
665 2837 749 2895 upon
772 2818 935 2876 Pilumnus
959 2819 1021 2876 and
1046 2819 1188 2897 Orithyia
1204 2820 1380 2878 mentioned
1402 2821 1443 2899 by

235 2915 361 2975 Servius
384 2933 424 2972 on
445 2913 523 2971 Aen.
548 2913 595 2970 12.
616 2912 663 2985 83,
688 2914 796 2971 “0060
819 2914 917 2973 critici
939 2915 1066 2991 culpant
1087 2915 1145 2974 hoc
1168 2915 1234 2974 loco
1257 2915 1443 2993 Vergilium,
1497 2907 1502 2928 ‘

234 3008 371 3067 dieentes
389 3004 594 3081 incongruum
615 3023 679 3062 esse
697 3003 886 3080 figmentum.
928 3004 1069 3082 Namque
1092 3005 1235 3084 Orithyia
1254 3028 1326 3066 oum
1346 3007 1444 3067 Athe·

235 3099 348 3158 niensis
375 3096 479 3167 fuerit,
508 3096 570 3154 filia
596 3094 792 3173 Terrigenae,
817 3101 849 3154 et
870 3117 889 3155 a
912 3095 1009 3156 Borea
1029 3098 1064 3155 in
1090 3098 1251 3157 Thraciam
1278 3106 1367 3177 rapta
1394 3100 1444 3172 sit,

236 3191 493 3271 quemadmodum
526 3189 630 3267 potuit
651 3188 804 3261 Pilumno,
838 3190 892 3266 qui
918 3196 984 3249 erat
1010 3190 1044 3247 iu
1072 3189 1172 3260 Italia,
1201 3211 1294 3267 equos
1317 3193 1388 3252 dare
1401 3190 1445 3251 ”i

236 3284 370 3343 Further
383 3301 428 3341 we
440 3301 511 3359 may
523 3281 624 3340 notice
638 3281 691 3340 the
703 3281 825 3339 remark
838 3281 872 3340 06
887 3280 1012 3346 Servius
1026 3302 1065 3340 on
1078 3282 1155 3341 Aen.
1171 3283 1199 3341 3.
1213 3283 1262 3356 46,
1276 3284 1347 3342 that
1360 3285 1446 3345 there

236 3398 316 3438 were
336 3396 462 3456 persons
482 3375 550 3433 who
571 3375 692 3434 blamed
711 3374 816 3452 Virgil
840 3374 888 3434 for
912 3374 1074 3450 inventing
1094 3376 1146 3433 the
1166 3376 1285 3453 change
1305 3377 1338 3435 of
1359 3377 1446 3455 ships

236 3470 302 3529 into
315 3469 448 3549 nymphe
469 3466 503 3525 in
515 3466 569 3525 the
582 3467 674 3525 ninth
687 3466 776 3537 6006,
791 3466 842 3524 ior
863 3466 916 3525 the
930 3473 1015 3544 story
1029 3466 1062 3524 oi
1083 3466 1135 3524 the
1153 3468 1266 3544 golden
1289 3469 1392 3546 bough
1413 3470 1447 3526 in

236 3563 292 3622 the
304 3560 387 3620 sixth
401 3558 489 3632 book,
504 3558 564 3618 and
586 3557 637 3616 for
657 3559 709 3617 the
723 3558 849 3616 mission
862 3558 895 3617 06
916 3557 976 3615 Iris
998 3561 1030 3615 to
1053 3557 1134 3616 Dido
1148 3562 1181 3616 at
1201 3559 1375 3619 66000606
1394 3561 1447 3619 660

239 3654 344 3713 fourth
367 3652 457 3712 book.
509 3650 575 3710 The
600 3650 851 3710 last-mentioued
874 3650 1032 3721 criticism,
1057 3670 1103 3709 we
1129 3650 1229 3723 know,
1254 3671 1339 3709 came
1365 3652 1447 3712 from

241 3745 414 3817 Comntus3
433 3742 608 3802 Macrobius
623 3744 651 3802 5.
667 3743 713 3802 19.
730 3743 757 3814 2,
773 3742 861 3801 “Iris
876 3762 895 3801 a
908 3740 1027 3800 Iunone
1040 3744 1133 3801 missa
1145 3742 1277 3802 abscidit
1290 3746 1318 3802 ei
1332 3745 1448 3804 crinem

240 3845 272 3899 et
292 3840 332 3898 ad
357 3838 472 3898 Orcum
494 3836 599 3895 refert.
640 3836 732 3896 Hane
752 3835 910 3911 Vergilius
931 3855 994 3894 uon
1016 3834 1054 3892 60
1073 3836 1170 3894 nihilo
1189 3836 1326 3896 fabulam
1346 3838 1447 3916 fingit,

240 3931 322 3990 siout
347 3930 397 3989 vir
421 3929 496 3989 alias
524 3926 718 3987 doctissimus
745 3928 903 3988 Cornutus
932 3925 1098 3999 existimat,
1132 3926 1187 4001 qui
1219 3928 1448 3987 adnotationem

240 4022 390 4082 eiusmodi
397 4021 539 4099 adposuit
548 4020 595 4078 his
607 4021 757 4092 versibus3
776 4020 880 4078 ‘Unde
889 4020 965 4078 haee
974 4019 1109 4090 historia,
1119 4021 1254 4079 uterinis
1264 4022 1449 4080 auferendus

240 4115 282 4176 sit
299 4114 508 4184 morientibus,
523 4114 701 4189 ignoratnr;
721 4112 774 4171 sed
793 4112 936 4171 adsuevit
953 4112 1071 4189 poetico
1089 4132 1173 4169 more
1186 4113 1303 4189 aliquid
1323 4113 1449 4191 fingere,

240 4213 273 4265 at
290 4207 326 4264 de
342 4225 430 4265 mereo
450 4204 552 4263 ramo!
595 4203 657 4263 Sed
676 4224 726 4263 me
743 4203 840 4282 pudet
860 4204 943 4280 quod
963 4208 1067 4261 tantus
1080 4203 1135 4274 vir,
1153 4203 1335 4262 Graecarum
1353 4205 1449 4263 etiam

242 4297 436 4356 doctissimus
468 4294 653 4364 litterarum,
680 4293 837 4371 ignoravit
871 4292 1029 4372 Euripidis
1061 4293 1280 4353 nobilissimam
1312 4294 1451 4353 fabulam

577 4416 589 4451 ⁸
606 4418 729 4484 Compare
740 4418 845 4471 Servius
856 4419 949 4484 (Dan.)
961 4434 994 4470 on
1005 4419 1072 4470 Aea
1085 4421 1123 4470 10.
1135 4421 1190 4470 567.
