3250 5059
232 435 326 501 THE
349 433 556 501 ANOIENI’
578 433 958 501 COMMENTATORS
981 432 1046 500 ΟΝ
1069 433 1242 502 VIRGIL.
1281 434 1375 500 lxxix

206 610 243 668 P.
267 611 317 684 32,
343 612 446 688 postire
473 612 627 690 significat
652 614 768 672 laetum
795 631 876 683 esse3
911 613 1030 672 dictum
1053 633 1073 671 a
1099 615 1258 691 gesticulis
1280 616 1376 674 facili·

164 704 278 762 oribus.
320 704 481 764 Terentius
500 706 533 763 in
554 704 703 763 Eunucho
718 747 726 763 .
742 748 749 763 .
765 747 773 762 .
787 704 945 783 Vergilius
965 703 1186 782 Georgicorum
1204 708 1257 767 lib.
1275 706 1301 765 Ι.
1316 710 1335 738 “
1346 713 1378 768 11

165 794 269 854 studio
282 795 438 854 incassum
451 797 556 856 videas
569 798 683 874 gestire
696 797 850 856 lavandi.'’

208 885 343 960 Servius,
360 886 398 947 G.
414 890 441 947 1.
461 888 529 959 387,
543 891 650 963 gestire
663 895 710 947 cst
723 890 873 949 laetitiam
887 910 975 949 suam
989 890 1124 967 corporis
1136 891 1246 950 habitu
1259 892 1376 970 signifi-

166 999 243 1051 care,
254 1000 327 1039 nam
337 986 374 1039 nt
382 981 523 1041 homines
533 983 633 1042 verbis
643 983 793 1042 laetitiam
807 1003 895 1043 suam
909 983 1094 1061 exprimunt,
1105 982 1151 1041 ita
1160 1003 1233 1043 aves
1241 986 1377 1064 corporis

166 1072 406 1148 gesticulatione.

208 1165 250 1242 (V
251 1167 363 1225 erriusz
386 1167 510 1238 Paulus,
524 1188 555 1246 p.
570 1166 635 1247 96).

206 1256 241 1314 Ρ.
256 1256 305 1324 33,
319 1257 450 1316 involare
469 1263 517 1317 est
535 1258 666 1330 inruere,
681 1258 815 1318 insilire:
837 1262 894 1316 111
912 1278 931 1316 1
946 1257 1062 1327 volatu,
1075 1262 1130 1315 aut
1151 1277 1170 1316 1
1191 1260 1267 1331 cola,
1282 1260 1376 1321 idest

164 1348 264 1406 raedis
277 1369 370 1407 111111
384 1349 510 1408 dictum.
552 1350 730 1409 Illustrated
744 1350 824 1408 from
839 1350 972 1409 Terence
985 1348 1047 1407 and
1061 1348 1207 1408 Lucilius.

206 1440 339 1514 Servius,
354 1441 392 1499 A.
407 1444 435 1501 3.
450 1442 509 1501 233
524 1485 531 1501 .
548 1486 556 1500 .
571 1484 579 1500 .
594 1448 649 1501 111
667 1443 748 1501 intra
769 1445 867 1502 colam
887 1439 1076 1521 [interiorem
1097 1442 1222 1520 manus]
1242 1446 1374 1522 amplec-

164 1536 244 1595 titur
264 1536 425 1613 praedam:
446 1535 529 1594 uude
549 1541 582 1594 et
599 1536 731 1594 involare
751 1535 882 1594 dicimus
900 1536 983 1593 iutra
996 1533 1098 1592 volam
1119 1538 1231 1608 tenere,
1247 1536 1328 1595 unde
1345 1542 1376 1596 et

164 1627 232 1705 pira
246 1627 396 1705 quaedam
409 1627 527 1686 volema
542 1626 696 1685 dicuntur.
738 1625 833 1685 soon
847 1626 884 1686 G.
899 1627 927 1684 2.
943 1625 992 1684 38.

206 1718 242 1776 Ρ.
267 1717 315 1789 33,
338 1719 481 1794 19111111
502 1723 545 1776 eet
567 1737 661 1792 11911,
684 1718 852 1794 torpidum,
874 1718 1028 1785 feriatum,
1050 1717 1260 1792 1111111911.
1306 1721 1373 1779 Ver-

165 1811 267 1888 galiae,
289 1808 463 1885 “ignavum
483 1807 571 1866 tucos
593 1827 686 1885 pecus
702 1828 721 1865 a
742 1807 938 1884 praesepibus
959 1807 1095 1865 arcent.”
1137 1804 1228 1884 (This
1242 1810 1269 1867 is
1282 1831 1373 1889 appa-

164 1907 265 1985 rently
276 1925 295 1963 a
304 1905 465 1964 confusion
475 1905 613 1964 between
623 1909 686 1963 two
697 1904 822 1981 glossas,
834 1904 976 1981 ignavam
989 1908 1037 1961 est
1046 1904 1211 1981 torpidum,
1220 1905 1374 1981 feriatum,

164 1998 226 2058 and
239 1998 346 2074 eequis,
361 1996 428 2055 sine
441 1994 533 2075 igni.)

207 2088 292 2148 Serv.
313 2087 351 2146 A.
372 2089 400 2146 1.
422 2088 491 2156 423,
508 2107 633 2163 segnem,
653 2086 686 2145 id
704 2087 831 2146 estsine
849 2086 934 2162 igni:
956 2087 1018 2145 aud
1031 2106 1065 2145 so
1079 2087 1241 2147 elsewhere
1257 2092 1376 2149 several

164 2182 262 2254 times,
278 2180 339 2239 and
354 2178 456 2238 Sobel.
470 2179 545 2239 Ver.
561 2178 599 2237 A.
613 2181 642 2238 4.
658 2180 726 2240 149.

206 2272 340 2345 Servius,
352 2270 391 2329 A.
407 2270 986 2348 1435,19111111111111,1ο11ρ1111
1000 2269 1176 2342 industriae,
1188 2291 1259 2329 uam
1271 2271 1375 2333 indus·

165 2366 241 2426 trice
263 2387 355 2425 auvos
378 2366 520 2424 dicimus.
566 2364 642 2423 This
666 2366 693 2423 is
716 2384 756 2423 on
779 2364 835 2423 the
858 2383 941 2422 same
964 2363 1026 2421 liue
1049 2383 1083 2422 as
1105 2364 1174 2423 that
1197 2366 1310 2441 quoted
1336 2367 1376 2445 by

164 2463 292 2532 Nonius,
308 2465 326 2492 “
335 2462 483 2539 ignavum
496 2461 584 2520 tucos
597 2480 692 2537 pecus
704 2481 723 2519 a
736 2461 934 2538 praesepibus
947 2460 1083 2518 arcent.’'

204 2558 240 2615 P.
263 2557 311 2626 35,
334 2555 447 2631 saepiae
477 2573 576 2631 genus
603 2554 711 2622 morbi,
733 2573 769 2612 eo
797 2553 882 2629 quod
911 2557 1014 2629 angat,
1045 2557 1077 2611 11
1105 2551 1219 2611 Graece
1246 2552 1376 2632 σψάγχη

163 2650 344 2727 appellatur.
386 2646 523 2704 Lucilius
542 2646 595 2704 lib.
616 2645 722 2703 XXX.
745 2645 927 2722 “insperato
949 2645 1035 2716 abiit,
1060 2664 1153 2722 quem
1179 2664 1242 2702 nna
1262 2644 1377 2721 angina

163 2743 291 2802 sustulit
304 2743 407 2802 hora.’'

205 2836 339 2909 Servius,
362 2834 399 2895 G.
424 2836 453 2895 3.
476 2832 546 2905 497,
568 2835 653 2912 angit
679 2839 784 2893 autem
812 2834 888 2891 bene
914 2832 969 2891 ait.
1018 2830 1099 2891 Nam
1126 2832 1238 2907 capias
1262 2832 1377 2891 dicitnr

162 2949 326 3008 porcorum
360 2931 484 2989 morbus
514 2929 568 3007 qni
596 2933 727 3005 occupat
752 2927 868 2985 fauces.
918 2926 1059 2998 Plautus,
1088 2924 1239 2984 “Vellem
1266 2947 1316 2985 me
1342 2927 1376 2984 in

163 3024 310 3100 anginam
323 3022 409 3093 verti,
424 3029 461 3081 ut
474 3022 547 3081 huic
560 3022 699 3081 aniculae
712 3019 818 3079 fauces
831 3019 1114 3096 praeoccuparem.'’

205 3114 306 3193 (Paul.
320 3137 350 3194 p.
366 3116 393 3186 3,
409 3135 432 3173 1.
446 3135 477 3173 v.
492 3134 593 3191 algor,
608 3114 664 3172 has
678 3113 732 3172 the
745 3131 828 3171 same
843 3111 1004 3188 quotation
1017 3110 1099 3169 from
1113 3110 1269 3186 Plautus.)

205 3208 241 3266 P.
275 3208 323 3280 37,
351 3208 453 3266 scdulo
487 3206 642 3284 significat
676 3205 741 3264 siue
775 3203 855 3261 dolo.
904 3202 1041 3260 Lucilius
1076 3202 1128 3260 lib.
1163 3201 1327 3260 XXVII..
1343 3244 1374 3260 ..

162 3304 325 3376 totumque
338 3299 396 3358 boc
410 3298 546 3358 studiose
561 3303 591 3358 et
605 3297 719 3357 sedulo.
762 3294 897 3367 Servius,
913 3297 952 3352 A.
970 3295 998 3353 2.
1013 3293 1073 3353 374
1093 3291 1209 3372 (Dan),
1223 3296 1376 3353 mentions

163 3393 226 3453 tbis
239 3393 424 3470 etymology.

204 3485 238 3543 Ρ.
259 3486 309 3556 42,
332 3483 560 3560 pecuniosorum
587 3487 618 3541 et
645 3483 825 3559 locupletum
851 3480 1070 3559 proprietatem
1094 3479 1216 3558 aperuit
1237 3478 1282 3535 M.
1304 3478 1376 3536 Tul-

165 3578 225 3637 lius
246 3579 285 3638 de
307 3578 478 3655 Republica
496 3579 550 3636 lib.
573 3576 627 3649 IL,
650 3597 669 3635 a
689 3595 799 3654 pecore
827 3574 1015 3652 pecuniosos,
1038 3579 1071 3633 et
1093 3594 1112 3632 a
1134 3572 1376 3651 possessionibus

163 3671 298 3728 locorum
320 3671 484 3747 locupletes
506 3671 674 3748 appellatos
696 3669 859 3728 adserens:
893 3667 1098 3745 “Multaeque
1119 3667 1252 3725 dictione
1272 3666 1375 3724 ovium

163 3768 195 3821 et
207 3765 307 3835 boum,
323 3763 406 3839 quod
419 3767 494 3821 tuuc
514 3781 562 3821 res
582 3766 650 3820 erat
667 3763 701 3820 iu
721 3778 830 3838 pecore
851 3763 883 3817 11
900 3760 1037 3817 locorum
1057 3759 1315 3837 possessionibus:
1338 3777 1376 3815 ex

163 3873 225 3931 quo
238 3854 394 3931 pecuniosi
407 3860 439 3913 et
453 3854 619 3930 locupletes
632 3851 851 3912 vocabantur.’'
894 3850 1000 3928 Gomp.
1017 3850 1144 3910 Servius
1158 3871 1198 3909 on
1212 3849 1248 3906 a.
1264 3848 1291 3906 l.
1307 3849 1354 3906 33.

203 3946 238 4003 P.
257 3946 306 4017 44,
320 3946 462 4022 prodiqiu
485 3950 559 4003 sunt
571 3965 663 4022 porro
686 3943 844 4020 adigendo.
886 3942 1016 4000 Plautus
1034 3941 1282 4020 Amphitruone.
1299 3983 1306 3997 .
1322 3983 1329 3996 .
1344 3946 1376 3999 te

162 4037 327 4115 prodigiali
341 4036 409 4097 Iovi
424 4080 432 4094 .
446 4080 454 4094 .
469 4080 477 4094 .
492 4042 717 4114 comprecatam
732 4035 880 4112 oportuit.

204 4128 338 4200 Servius,
353 4130 391 4187 A.
411 4129 439 4188 3.
454 4129 514 4188 366
528 4126 650 4207 (Dan).
695 4129 788 4187 Varro
803 4146 877 4185 sane
890 4127 965 4184 haec
989 4126 1034 4184 ita
1056 4125 1180 4184 definit:
1211 4130 1375 4192 ostentum,

161 4220 245 4297 quod
258 4221 374 4298 aliquid
394 4220 566 4279 hominibus
586 4220 729 4292 ostendit,
746 4217 921 4295 prodigium
943 4218 1022 4293 qaod
1040 4236 1132 4293 porro
1157 4216 1268 4292 dirigit,
1285 4217 1375 4273 mira·

161 4314 276 4384 culum,
291 4313 374 4389 quod
387 4312 501 4369 mirum
515 4317 570 4384 est,
586 4316 767 4382 monstrum,
782 4311 865 4388 quod
880 4314 993 4368 monet.

203 4404 301 4481 (Fest.
315 4426 345 4483 p.
360 4405 428 4478 229,
444 4404 562 4464 derives
570 4406 745 4482 prodigium
757 4405 837 4463 irem
846 4399 1027 4480 predicere.)

202 4497 237 4554 P.
256 4497 305 4571 45,
330 4518 446 4556 cosman
470 4502 588 4556 veteres
607 4498 696 4556 inune
712 4501 892 4574 posueruut.
948 4494 990 4554 Et
1009 4491 1222 4552 arbitrandum
1245 4497 1293 4550 est
1310 4491 1377 4548 eius
