<?xml version="1.0" encoding="UTF-8"?>
<!DOCTYPE html PUBLIC "-//W3C//DTD XHTML 1.0 Transitional//EN"
    "http://www.w3.org/TR/xhtml1/DTD/xhtml1-transitional.dtd">
<html xmlns="http://www.w3.org/1999/xhtml" xml:lang="en" lang="en">
 <head>
  <title>
</title>
<meta http-equiv="Content-Type" content="text/html;charset=utf-8" />
  <meta name='ocr-system' content='tesseract 3.04.00' />
  <meta name='ocr-capabilities' content='ocr_page ocr_carea ocr_par ocr_line ocrx_word'/>
</head>
<body>
  <div class='ocr_page' id='page_1' title='image "./pvergilimaronis06nettgoog/pvergilimaronis06nettgoog_0095.png"; bbox 0 0 3250 5059; ppageno 0'>
   <div class='ocr_carea' id='block_1_1' title="bbox 232 429 1351 501">
    <p class='ocr_par' dir='ltr' id='par_1_1' title="bbox 232 429 1351 501">
     <span class='ocr_line' id='line_1_1' title="bbox 232 429 1351 501; baseline -0.001 -2"><span class='ocrx_word' id='word_1_1' title='bbox 232 432 326 499; x_wconf 82' lang='grc' dir='ltr'>ΤΗΕ</span> <span class='ocrx_word' id='word_1_2' title='bbox 348 432 555 501; x_wconf 82' lang='grc' dir='ltr'><strong>ΑΝΟΙΕΝΤ</strong></span> <span class='ocrx_word' id='word_1_3' title='bbox 578 430 953 501; x_wconf 82' lang='lat' dir='ltr'><strong>COMMENTATORS</strong></span> <span class='ocrx_word' id='word_1_4' title='bbox 976 430 1040 499; x_wconf 85' lang='grc' dir='ltr'>ΟΝ</span> <span class='ocrx_word' id='word_1_5' title='bbox 1062 429 1237 498; x_wconf 85' lang='lat' dir='ltr'>VIRGIL.</span> <span class='ocrx_word' id='word_1_6' title='bbox 1296 431 1351 498; x_wconf 87' lang='lat' dir='ltr'>xci</span> 
     </span>
    </p>
   </div>
   <div class='ocr_carea' id='block_1_2' title="bbox 137 603 1354 4555">
    <p class='ocr_par' dir='ltr' id='par_1_2' title="bbox 139 603 1352 873">
     <span class='ocr_line' id='line_1_2' title="bbox 139 603 1351 684; baseline -0.009 -13"><span class='ocrx_word' id='word_1_7' title='bbox 139 612 245 684; x_wconf 84' lang='lat' dir='ltr'>teriti3</span> <span class='ocrx_word' id='word_1_8' title='bbox 268 617 378 672; x_wconf 90' lang='lat' dir='ltr'>“meos</span> <span class='ocrx_word' id='word_1_9' title='bbox 393 611 468 672; x_wconf 91' lang='lat' dir='ltr'>olim</span> <span class='ocrx_word' id='word_1_10' title='bbox 489 612 517 671; x_wconf 87' lang='lat' dir='ltr'>si</span> <span class='ocrx_word' id='word_1_11' title='bbox 537 610 640 669; x_wconf 80' lang='lat' dir='ltr'>fistule</span> <span class='ocrx_word' id='word_1_12' title='bbox 663 609 746 668; x_wconf 86' lang='lat' dir='ltr'>dicet</span> <span class='ocrx_word' id='word_1_13' title='bbox 767 606 914 666; x_wconf 83' lang='lat' dir='ltr'>emores.”</span> <span class='ocrx_word' id='word_1_14' title='bbox 966 605 1048 665; x_wconf 85' lang='lat' dir='ltr'><em>Olim</em></span> <span class='ocrx_word' id='word_1_15' title='bbox 1071 603 1217 681; x_wconf 88' lang='lat' dir='ltr'>temporis</span> <span class='ocrx_word' id='word_1_16' title='bbox 1244 603 1351 661; x_wconf 88' lang='lat' dir='ltr'>futuri.</span> 
     </span>
     <span class='ocr_line' id='line_1_3' title="bbox 139 696 1352 779; baseline -0.006 -19"><span class='ocrx_word' id='word_1_17' title='bbox 139 701 300 779; x_wconf 88' lang='lat' dir='ltr'>Vergilius</span> <span class='ocrx_word' id='word_1_18' title='bbox 322 705 476 763; x_wconf 81' lang='lat' dir='ltr'><strong>Aeneidos</strong></span> <span class='ocrx_word' id='word_1_19' title='bbox 496 704 549 762; x_wconf 90' lang='lat' dir='ltr'>lib.</span> <span class='ocrx_word' id='word_1_20' title='bbox 574 701 599 759; x_wconf 94' lang='grc' dir='ltr'>Ι.</span> <span class='ocrx_word' id='word_1_21' title='bbox 624 700 734 758; x_wconf 89' lang='lat' dir='ltr'>“hunc</span> <span class='ocrx_word' id='word_1_22' title='bbox 766 704 803 758; x_wconf 90' lang='lat' dir='ltr'>tu</span> <span class='ocrx_word' id='word_1_23' title='bbox 826 699 899 758; x_wconf 90' lang='lat' dir='ltr'>olim</span> <span class='ocrx_word' id='word_1_24' title='bbox 921 698 1027 775; x_wconf 91' lang='lat' dir='ltr'>spoliis</span> <span class='ocrx_word' id='word_1_25' title='bbox 1049 696 1185 757; x_wconf 73' lang='lat' dir='ltr'><strong>Orientis</strong></span> <span class='ocrx_word' id='word_1_26' title='bbox 1206 701 1352 755; x_wconf 85' lang='lat' dir='ltr'>onustum</span> 
     </span>
     <span class='ocr_line' id='line_1_4' title="bbox 140 790 1086 873; baseline -0.006 -21"><span class='ocrx_word' id='word_1_27' title='bbox 140 794 283 873; x_wconf 78' lang='lat' dir='ltr'>Accipies</span> <span class='ocrx_word' id='word_1_28' title='bbox 297 796 430 855; x_wconf 79' lang='lat' dir='ltr'>secure.”</span> <span class='ocrx_word' id='word_1_29' title='bbox 472 795 667 853; x_wconf 84' lang='lat' dir='ltr'>Lucilius..</span> <span class='ocrx_word' id='word_1_30' title='bbox 690 791 847 868; x_wconf 78' lang='lat' dir='ltr'>Turpilius</span> <span class='ocrx_word' id='word_1_31' title='bbox 870 833 876 846; x_wconf 91' lang='lat'>.</span> <span class='ocrx_word' id='word_1_32' title='bbox 899 832 907 848; x_wconf 91' lang='lat'><strong>.</strong></span> <span class='ocrx_word' id='word_1_33' title='bbox 928 790 1086 847; x_wconf 76' lang='lat' dir='ltr'>Afranius.</span> 
     </span>
    </p>

    <p class='ocr_par' dir='ltr' id='par_1_3' title="bbox 137 880 1352 1518">
     <span class='ocr_line' id='line_1_5' title="bbox 182 880 1352 961; baseline -0.004 -17"><span class='ocrx_word' id='word_1_34' title='bbox 182 887 214 945; x_wconf 89' lang='lat' dir='ltr'>It</span> <span class='ocrx_word' id='word_1_35' title='bbox 232 889 297 946; x_wconf 87' lang='lat' dir='ltr'>will</span> <span class='ocrx_word' id='word_1_36' title='bbox 310 890 348 948; x_wconf 92' lang='lat' dir='ltr'>be</span> <span class='ocrx_word' id='word_1_37' title='bbox 362 890 510 948; x_wconf 85' lang='lat' dir='ltr'>observed</span> <span class='ocrx_word' id='word_1_38' title='bbox 522 889 593 947; x_wconf 85' lang='lat' dir='ltr'>thet</span> <span class='ocrx_word' id='word_1_39' title='bbox 605 887 734 958; x_wconf 86' lang='lat' dir='ltr'>Nonius,</span> <span class='ocrx_word' id='word_1_40' title='bbox 749 886 830 944; x_wconf 83' lang='lat' dir='ltr'>after</span> <span class='ocrx_word' id='word_1_41' title='bbox 844 884 1014 961; x_wconf 82' lang='lat' dir='ltr'>promising</span> <span class='ocrx_word' id='word_1_42' title='bbox 1026 888 1060 941; x_wconf 92' lang='lat' dir='ltr'>to</span> <span class='ocrx_word' id='word_1_43' title='bbox 1068 883 1139 960; x_wconf 82' lang='lat' dir='ltr'>give</span> <span class='ocrx_word' id='word_1_44' title='bbox 1152 882 1305 940; x_wconf 83' lang='lat' dir='ltr'>instances</span> <span class='ocrx_word' id='word_1_45' title='bbox 1319 880 1352 939; x_wconf 81' lang='lat' dir='ltr'>oi</span> 
     </span>
     <span class='ocr_line' id='line_1_6' title="bbox 138 973 1351 1058; baseline -0.003 -23"><span class='ocrx_word' id='word_1_46' title='bbox 138 978 227 1037; x_wconf 87' lang='lat' dir='ltr'>three</span> <span class='ocrx_word' id='word_1_47' title='bbox 250 981 419 1058; x_wconf 86' lang='lat' dir='ltr'>meenings‚</span> <span class='ocrx_word' id='word_1_48' title='bbox 441 981 527 1057; x_wconf 85' lang='lat' dir='ltr'>gives</span> <span class='ocrx_word' id='word_1_49' title='bbox 547 981 700 1038; x_wconf 84' lang='lat' dir='ltr'>instenoes</span> <span class='ocrx_word' id='word_1_50' title='bbox 723 977 794 1055; x_wconf 83' lang='lat' dir='ltr'><strong>only</strong></span> <span class='ocrx_word' id='word_1_51' title='bbox 815 976 848 1034; x_wconf 88' lang='lat' dir='ltr'>of</span> <span class='ocrx_word' id='word_1_52' title='bbox 868 981 939 1035; x_wconf 85' lang='lat' dir='ltr'>two.</span> <span class='ocrx_word' id='word_1_53' title='bbox 982 976 1047 1033; x_wconf 88' lang='lat' dir='ltr'>But</span> <span class='ocrx_word' id='word_1_54' title='bbox 1065 974 1120 1032; x_wconf 90' lang='lat' dir='ltr'>the</span> <span class='ocrx_word' id='word_1_55' title='bbox 1142 979 1224 1044; x_wconf 89' lang='lat' dir='ltr'>note,</span> <span class='ocrx_word' id='word_1_56' title='bbox 1241 994 1277 1032; x_wconf 91' lang='lat' dir='ltr'>or</span> <span class='ocrx_word' id='word_1_57' title='bbox 1296 973 1351 1031; x_wconf 89' lang='lat' dir='ltr'>the</span> 
     </span>
     <span class='ocr_line' id='line_1_7' title="bbox 137 1064 1351 1151; baseline -0.005 -23"><span class='ocrx_word' id='word_1_58' title='bbox 137 1070 248 1129; x_wconf 88' lang='lat' dir='ltr'>skctch</span> <span class='ocrx_word' id='word_1_59' title='bbox 263 1073 295 1130; x_wconf 82' lang='lat' dir='ltr'>of</span> <span class='ocrx_word' id='word_1_60' title='bbox 307 1073 342 1136; x_wconf 86' lang='lat' dir='ltr'>it,</span> <span class='ocrx_word' id='word_1_61' title='bbox 355 1074 382 1132; x_wconf 90' lang='lat' dir='ltr'>is</span> <span class='ocrx_word' id='word_1_62' title='bbox 395 1073 576 1151; x_wconf 78' lang='lat' dir='ltr'>completely</span> <span class='ocrx_word' id='word_1_63' title='bbox 590 1073 684 1149; x_wconf 80' lang='lat' dir='ltr'>given</span> <span class='ocrx_word' id='word_1_64' title='bbox 697 1072 739 1148; x_wconf 82' lang='lat' dir='ltr'>by</span> <span class='ocrx_word' id='word_1_65' title='bbox 752 1071 839 1129; x_wconf 87' lang='lat' dir='ltr'>Serv.</span> <span class='ocrx_word' id='word_1_66' title='bbox 852 1068 890 1126; x_wconf 85' lang='lat' dir='ltr'>A.</span> <span class='ocrx_word' id='word_1_67' title='bbox 906 1069 934 1127; x_wconf 90' lang='lat' dir='ltr'>l.</span> <span class='ocrx_word' id='word_1_68' title='bbox 943 1069 991 1140; x_wconf 99' lang='grc'>20,</span> <span class='ocrx_word' id='word_1_69' title='bbox 1006 1068 1080 1126; x_wconf 84' lang='lat' dir='ltr'>oiim</span> <span class='ocrx_word' id='word_1_70' title='bbox 1093 1065 1287 1144; x_wconf 78' lang='lat' dir='ltr'>quandoque.</span> <span class='ocrx_word' id='word_1_71' title='bbox 1309 1064 1351 1122; x_wconf 84' lang='lat' dir='ltr'>Et</span> 
     </span>
     <span class='ocr_line' id='line_1_8' title="bbox 139 1155 1352 1242; baseline -0.006 -22"><span class='ocrx_word' id='word_1_72' title='bbox 139 1161 201 1220; x_wconf 83' lang='lat' dir='ltr'>tris</span> <span class='ocrx_word' id='word_1_73' title='bbox 226 1168 367 1242; x_wconf 83' lang='lat' dir='ltr'>temporo</span> <span class='ocrx_word' id='word_1_74' title='bbox 392 1164 565 1242; x_wconf 84' lang='lat' dir='ltr'>significet:</span> <span class='ocrx_word' id='word_1_75' title='bbox 596 1164 805 1240; x_wconf 71' lang='lat' dir='ltr'>praeteritum,</span> <span class='ocrx_word' id='word_1_76' title='bbox 830 1166 867 1219; x_wconf 89' lang='lat' dir='ltr'>ut</span> <span class='ocrx_word' id='word_1_77' title='bbox 875 1164 893 1190; x_wconf 83' lang='lat'>‘⁴</span> <span class='ocrx_word' id='word_1_78' title='bbox 902 1161 974 1219; x_wconf 89' lang='lat' dir='ltr'>olim</span> <span class='ocrx_word' id='word_1_79' title='bbox 996 1161 1094 1230; x_wconf 80' lang='lat' dir='ltr'>arbos,</span> <span class='ocrx_word' id='word_1_80' title='bbox 1117 1177 1201 1216; x_wconf 88' lang='lat' dir='ltr'>nnnc</span> <span class='ocrx_word' id='word_1_81' title='bbox 1227 1155 1352 1215; x_wconf 81' lang='lat' dir='ltr'>artificis</span> 
     </span>
     <span class='ocr_line' id='line_1_9' title="bbox 139 1246 1350 1332; baseline -0.007 -21"><span class='ocrx_word' id='word_1_82' title='bbox 139 1273 252 1313; x_wconf 79' lang='lat' dir='ltr'>manns</span> <span class='ocrx_word' id='word_1_83' title='bbox 284 1276 353 1315; x_wconf 81' lang='lat' dir='ltr'>sere</span> <span class='ocrx_word' id='word_1_84' title='bbox 388 1257 498 1315; x_wconf 86' lang='lat' dir='ltr'>decoro</span> <span class='ocrx_word' id='word_1_85' title='bbox 527 1254 658 1314; x_wconf 88' lang='lat' dir='ltr'>Inclusit</span> <span class='ocrx_word' id='word_1_86' title='bbox 684 1254 887 1332; x_wconf 76' lang='lat' dir='ltr'>patribusque</span> <span class='ocrx_word' id='word_1_87' title='bbox 910 1253 996 1311; x_wconf 86' lang='lat' dir='ltr'>dedit</span> <span class='ocrx_word' id='word_1_88' title='bbox 1028 1255 1149 1328; x_wconf 80' lang='lat' dir='ltr'>gestare</span> <span class='ocrx_word' id='word_1_89' title='bbox 1182 1248 1301 1307; x_wconf 77' lang='lat' dir='ltr'>Latinis</span> <span class='ocrx_word' id='word_1_90' title='bbox 1313 1246 1350 1304; x_wconf 89' lang='lat'>&#39;’:</span> 
     </span>
     <span class='ocr_line' id='line_1_10' title="bbox 138 1343 1352 1425; baseline -0.008 -19"><span class='ocrx_word' id='word_1_91' title='bbox 138 1366 293 1423; x_wconf 74' lang='lat' dir='ltr'>praesens,</span> <span class='ocrx_word' id='word_1_92' title='bbox 316 1352 353 1406; x_wconf 88' lang='lat' dir='ltr'>nt</span> <span class='ocrx_word' id='word_1_93' title='bbox 376 1351 395 1378; x_wconf 90' lang='grc'>“</span> <span class='ocrx_word' id='word_1_94' title='bbox 405 1349 533 1408; x_wconf 85' lang='lat' dir='ltr'>tumidis</span> <span class='ocrx_word' id='word_1_95' title='bbox 557 1347 639 1425; x_wconf 89' lang='lat' dir='ltr'>qnod</span> <span class='ocrx_word' id='word_1_96' title='bbox 662 1347 806 1406; x_wconf 84' lang='lat' dir='ltr'>fluctibus</span> <span class='ocrx_word' id='word_1_97' title='bbox 825 1347 899 1406; x_wconf 88' lang='lat' dir='ltr'>olim</span> <span class='ocrx_word' id='word_1_98' title='bbox 921 1345 1121 1404; x_wconf 77' lang='lat' dir='ltr'>Tenditur&#39;&#39;:</span> <span class='ocrx_word' id='word_1_99' title='bbox 1143 1343 1294 1412; x_wconf 86' lang='lat' dir='ltr'>futurum,</span> <span class='ocrx_word' id='word_1_100' title='bbox 1316 1344 1352 1397; x_wconf 90' lang='lat' dir='ltr'>ut</span> 
     </span>
     <span class='ocr_line' id='line_1_11' title="bbox 140 1437 1012 1518; baseline 0 -23"><span class='ocrx_word' id='word_1_101' title='bbox 140 1440 262 1510; x_wconf 86' lang='lat' dir='ltr'>“nuno,</span> <span class='ocrx_word' id='word_1_102' title='bbox 277 1440 359 1512; x_wconf 85' lang='lat' dir='ltr'>olim,</span> <span class='ocrx_word' id='word_1_103' title='bbox 374 1460 567 1518; x_wconf 87' lang='lat' dir='ltr'>quocumque</span> <span class='ocrx_word' id='word_1_104' title='bbox 580 1440 698 1498; x_wconf 81' lang='lat' dir='ltr'>debunt</span> <span class='ocrx_word' id='word_1_105' title='bbox 708 1458 740 1497; x_wconf 93' lang='lat' dir='ltr'>se</span> <span class='ocrx_word' id='word_1_106' title='bbox 753 1444 889 1515; x_wconf 88' lang='lat' dir='ltr'>tempore</span> <span class='ocrx_word' id='word_1_107' title='bbox 902 1437 1012 1495; x_wconf 80' lang='lat' dir='ltr'>vires.’&#39;</span> 
     </span>
    </p>

    <p class='ocr_par' dir='ltr' id='par_1_4' title="bbox 138 1523 1353 1775">
     <span class='ocr_line' id='line_1_12' title="bbox 183 1523 1352 1609; baseline -0.006 -22"><span class='ocrx_word' id='word_1_108' title='bbox 183 1529 220 1587; x_wconf 90' lang='lat' dir='ltr'>P.</span> <span class='ocrx_word' id='word_1_109' title='bbox 248 1530 315 1604; x_wconf 88' lang='grc'>363,</span> <span class='ocrx_word' id='word_1_110' title='bbox 339 1533 466 1609; x_wconf 80' lang='lat' dir='ltr'>prodere</span> <span class='ocrx_word' id='word_1_111' title='bbox 490 1578 497 1590; x_wconf 89' lang='lat'><strong>.</strong></span> <span class='ocrx_word' id='word_1_112' title='bbox 529 1575 537 1591; x_wconf 90' lang='lat'><strong>.</strong></span> <span class='ocrx_word' id='word_1_113' title='bbox 568 1575 576 1591; x_wconf 86' lang='lat'><strong>.</strong></span> <span class='ocrx_word' id='word_1_114' title='bbox 601 1531 731 1604; x_wconf 83' lang='lat' dir='ltr'>differre,</span> <span class='ocrx_word' id='word_1_115' title='bbox 748 1530 798 1589; x_wconf 88' lang='lat' dir='ltr'>vel</span> <span class='ocrx_word' id='word_1_116' title='bbox 816 1530 984 1588; x_wconf 86' lang='lat' dir='ltr'>excludere.</span> <span class='ocrx_word' id='word_1_117' title='bbox 1024 1527 1182 1605; x_wconf 87' lang='lat' dir='ltr'>Vergilius</span> <span class='ocrx_word' id='word_1_118' title='bbox 1200 1523 1352 1583; x_wconf 81' lang='lat' dir='ltr'>Aeneidos</span> 
     </span>
     <span class='ocr_line' id='line_1_13' title="bbox 138 1616 1353 1699; baseline -0.006 -20"><span class='ocrx_word' id='word_1_119' title='bbox 138 1621 192 1680; x_wconf 93' lang='lat' dir='ltr'>lib.</span> <span class='ocrx_word' id='word_1_120' title='bbox 210 1622 238 1680; x_wconf 87' lang='grc' dir='ltr'>Ι.</span> <span class='ocrx_word' id='word_1_121' title='bbox 261 1665 268 1681; x_wconf 93' lang='grc'><strong>.</strong></span> <span class='ocrx_word' id='word_1_122' title='bbox 291 1666 299 1681; x_wconf 89' lang='grc'><strong>.</strong></span> <span class='ocrx_word' id='word_1_123' title='bbox 321 1666 329 1682; x_wconf 89' lang='grc'><strong>.</strong></span> <span class='ocrx_word' id='word_1_124' title='bbox 348 1629 366 1655; x_wconf 88' lang='lat'><strong>“</strong></span> <span class='ocrx_word' id='word_1_125' title='bbox 377 1624 468 1684; x_wconf 90' lang='lat' dir='ltr'>unius</span> <span class='ocrx_word' id='word_1_126' title='bbox 483 1625 521 1684; x_wconf 92' lang='lat' dir='ltr'>ob</span> <span class='ocrx_word' id='word_1_127' title='bbox 536 1625 615 1682; x_wconf 86' lang='lat' dir='ltr'>irem</span> <span class='ocrx_word' id='word_1_128' title='bbox 632 1622 805 1696; x_wconf 89' lang='lat' dir='ltr'>Prodimur,</span> <span class='ocrx_word' id='word_1_129' title='bbox 819 1626 912 1699; x_wconf 81' lang='lat' dir='ltr'>etque</span> <span class='ocrx_word' id='word_1_130' title='bbox 929 1620 1017 1680; x_wconf 78' lang='lat' dir='ltr'>Italis</span> <span class='ocrx_word' id='word_1_131' title='bbox 1035 1620 1127 1697; x_wconf 88' lang='lat' dir='ltr'>longe</span> <span class='ocrx_word' id='word_1_132' title='bbox 1146 1616 1353 1694; x_wconf 89' lang='lat' dir='ltr'>disiungimur</span> 
     </span>
     <span class='ocr_line' id='line_1_14' title="bbox 140 1713 693 1775; baseline 0 -3"><span class='ocrx_word' id='word_1_133' title='bbox 140 1713 234 1773; x_wconf 90' lang='lat' dir='ltr'>oris.’&#39;</span> <span class='ocrx_word' id='word_1_134' title='bbox 276 1715 442 1775; x_wconf 81' lang='lat' dir='ltr'>Lucilius.</span> <span class='ocrx_word' id='word_1_135' title='bbox 466 1758 474 1773; x_wconf 91' lang='lat'><strong>.</strong></span> <span class='ocrx_word' id='word_1_136' title='bbox 496 1758 504 1774; x_wconf 90' lang='lat'><strong>.</strong></span> <span class='ocrx_word' id='word_1_137' title='bbox 525 1715 693 1775; x_wconf 78' lang='lat' dir='ltr'>Terentius.</span> 
     </span>
    </p>

    <p class='ocr_par' dir='ltr' id='par_1_5' title="bbox 142 1801 1353 2161">
     <span class='ocr_line' id='line_1_15' title="bbox 185 1801 1353 1886; baseline -0.005 -20"><span class='ocrx_word' id='word_1_138' title='bbox 185 1807 319 1880; x_wconf 81' lang='lat' dir='ltr'>Servius,</span> <span class='ocrx_word' id='word_1_139' title='bbox 335 1808 373 1867; x_wconf 89' lang='lat' dir='ltr'>A.</span> <span class='ocrx_word' id='word_1_140' title='bbox 388 1810 416 1868; x_wconf 90' lang='lat'>1.</span> <span class='ocrx_word' id='word_1_141' title='bbox 431 1809 499 1878; x_wconf 84' lang='grc'>252,</span> <span class='ocrx_word' id='word_1_142' title='bbox 508 1810 686 1886; x_wconf 77' lang='lat' dir='ltr'>prodimur:</span> <span class='ocrx_word' id='word_1_143' title='bbox 701 1808 800 1866; x_wconf 81' lang='lat' dir='ltr'>mults</span> <span class='ocrx_word' id='word_1_144' title='bbox 813 1807 937 1884; x_wconf 90' lang='lat' dir='ltr'>quidem</span> <span class='ocrx_word' id='word_1_145' title='bbox 945 1807 996 1866; x_wconf 89' lang='lat' dir='ltr'>hio</span> <span class='ocrx_word' id='word_1_146' title='bbox 1009 1824 1108 1865; x_wconf 91' lang='lat' dir='ltr'>sermo</span> <span class='ocrx_word' id='word_1_147' title='bbox 1122 1804 1283 1883; x_wconf 84' lang='lat' dir='ltr'>significet,</span> <span class='ocrx_word' id='word_1_148' title='bbox 1299 1801 1353 1861; x_wconf 85' lang='lat' dir='ltr'>sed</span> 
     </span>
     <span class='ocr_line' id='line_1_16' title="bbox 142 1898 1352 1978; baseline -0.002 -21"><span class='ocrx_word' id='word_1_149' title='bbox 142 1900 233 1958; x_wconf 88' lang='lat' dir='ltr'>modo</span> <span class='ocrx_word' id='word_1_150' title='bbox 243 1920 334 1977; x_wconf 83' lang='lat' dir='ltr'>porro</span> <span class='ocrx_word' id='word_1_151' title='bbox 348 1902 465 1973; x_wconf 77' lang='lat' dir='ltr'>domur,</span> <span class='ocrx_word' id='word_1_152' title='bbox 480 1902 595 1961; x_wconf 88' lang='lat' dir='ltr'>scilicet</span> <span class='ocrx_word' id='word_1_153' title='bbox 612 1902 651 1960; x_wconf 80' lang='lat' dir='ltr'>sb</span> <span class='ocrx_word' id='word_1_154' title='bbox 672 1899 771 1958; x_wconf 84' lang='lat' dir='ltr'>Itelio.</span> <span class='ocrx_word' id='word_1_155' title='bbox 814 1900 879 1959; x_wconf 83' lang='lat' dir='ltr'>The</span> <span class='ocrx_word' id='word_1_156' title='bbox 892 1901 975 1977; x_wconf 92' lang='lat' dir='ltr'>gloss</span> <span class='ocrx_word' id='word_1_157' title='bbox 993 1920 1065 1978; x_wconf 81' lang='lat' dir='ltr'>may</span> <span class='ocrx_word' id='word_1_158' title='bbox 1077 1901 1156 1958; x_wconf 85' lang='lat' dir='ltr'>heve</span> <span class='ocrx_word' id='word_1_159' title='bbox 1172 1918 1256 1957; x_wconf 87' lang='lat' dir='ltr'>come</span> <span class='ocrx_word' id='word_1_160' title='bbox 1269 1898 1352 1955; x_wconf 87' lang='lat' dir='ltr'>from</span> 
     </span>
     <span class='ocr_line' id='line_1_17' title="bbox 142 1989 1350 2070; baseline -0.004 -20"><span class='ocrx_word' id='word_1_161' title='bbox 142 1990 272 2050; x_wconf 89' lang='lat' dir='ltr'>Verrius</span> <span class='ocrx_word' id='word_1_162' title='bbox 290 1992 436 2052; x_wconf 79' lang='lat' dir='ltr'>Flaccus:</span> <span class='ocrx_word' id='word_1_163' title='bbox 458 1993 539 2052; x_wconf 83' lang='lat' dir='ltr'>Fest.</span> <span class='ocrx_word' id='word_1_164' title='bbox 554 2013 584 2070; x_wconf 89' lang='lat' dir='ltr'>p.</span> <span class='ocrx_word' id='word_1_165' title='bbox 603 1993 663 2051; x_wconf 86' lang='grc'>229</span> <span class='ocrx_word' id='word_1_166' title='bbox 678 1993 791 2069; x_wconf 81' lang='lat' dir='ltr'>prodit,</span> <span class='ocrx_word' id='word_1_167' title='bbox 813 1993 976 2050; x_wconf 77' lang='lat' dir='ltr'>memoriae</span> <span class='ocrx_word' id='word_1_168' title='bbox 991 2011 1082 2068; x_wconf 85' lang='lat' dir='ltr'>porro</span> <span class='ocrx_word' id='word_1_169' title='bbox 1103 1991 1174 2048; x_wconf 80' lang='lat' dir='ltr'>dat.-</span> <span class='ocrx_word' id='word_1_170' title='bbox 1195 1996 1227 2048; x_wconf 89' lang='lat' dir='ltr'>et</span> <span class='ocrx_word' id='word_1_171' title='bbox 1240 1989 1350 2067; x_wconf 82' lang='lat' dir='ltr'>fallit.-</span> 
     </span>
     <span class='ocr_line' id='line_1_18' title="bbox 142 2081 1151 2161; baseline -0.001 -21"><span class='ocrx_word' id='word_1_172' title='bbox 142 2083 216 2141; x_wconf 90' lang='lat' dir='ltr'>itom</span> <span class='ocrx_word' id='word_1_173' title='bbox 230 2103 268 2141; x_wconf 85' lang='lat' dir='ltr'>ex</span> <span class='ocrx_word' id='word_1_174' title='bbox 280 2085 425 2144; x_wconf 88' lang='lat' dir='ltr'>interiore</span> <span class='ocrx_word' id='word_1_175' title='bbox 438 2086 504 2144; x_wconf 91' lang='lat' dir='ltr'>loco</span> <span class='ocrx_word' id='word_1_176' title='bbox 513 2085 650 2161; x_wconf 78' lang='lat' dir='ltr'>procedit</span> <span class='ocrx_word' id='word_1_177' title='bbox 662 2109 671 2142; x_wconf 93' lang='lat'>.·</span> <span class='ocrx_word' id='word_1_178' title='bbox 693 2086 769 2142; x_wconf 89' lang='lat' dir='ltr'>item</span> <span class='ocrx_word' id='word_1_179' title='bbox 777 2085 890 2160; x_wconf 81' lang='lat' dir='ltr'>perdit,</span> <span class='ocrx_word' id='word_1_180' title='bbox 901 2089 937 2141; x_wconf 83' lang='lat' dir='ltr'>nt</span> <span class='ocrx_word' id='word_1_181' title='bbox 951 2082 1081 2155; x_wconf 81' lang='lat' dir='ltr'>Ennius,</span> <span class='ocrx_word' id='word_1_182' title='bbox 1097 2081 1151 2141; x_wconf 76' lang='lat' dir='ltr'>lic.</span> 
     </span>
    </p>

    <p class='ocr_par' dir='ltr' id='par_1_6' title="bbox 143 2172 1354 2618">
     <span class='ocr_line' id='line_1_19' title="bbox 183 2172 1351 2255; baseline -0.004 -22"><span class='ocrx_word' id='word_1_183' title='bbox 183 2175 220 2233; x_wconf 93' lang='lat' dir='ltr'>P.</span> <span class='ocrx_word' id='word_1_184' title='bbox 246 2176 313 2246; x_wconf 83' lang='lat'><strong>368,</strong></span> <span class='ocrx_word' id='word_1_185' title='bbox 332 2178 442 2253; x_wconf 75' lang='lat' dir='ltr'>perric</span> <span class='ocrx_word' id='word_1_186' title='bbox 464 2177 617 2255; x_wconf 83' lang='lat' dir='ltr'>significet</span> <span class='ocrx_word' id='word_1_187' title='bbox 641 2178 725 2235; x_wconf 86' lang='lat' dir='ltr'>celer.</span> <span class='ocrx_word' id='word_1_188' title='bbox 778 2176 937 2253; x_wconf 84' lang='lat' dir='ltr'>Vergilius</span> <span class='ocrx_word' id='word_1_189' title='bbox 964 2175 1184 2252; x_wconf 86' lang='lat' dir='ltr'>Georgicorum</span> <span class='ocrx_word' id='word_1_190' title='bbox 1209 2174 1263 2233; x_wconf 91' lang='lat' dir='ltr'>lib.</span> <span class='ocrx_word' id='word_1_191' title='bbox 1291 2172 1351 2230; x_wconf 87' lang='grc' dir='ltr'>ΙΠ.</span> 
     </span>
     <span class='ocr_line' id='line_1_20' title="bbox 144 2265 1353 2347; baseline -0.004 -20"><span class='ocrx_word' id='word_1_192' title='bbox 144 2269 243 2327; x_wconf 77' lang='lat' dir='ltr'>“telis</span> <span class='ocrx_word' id='word_1_193' title='bbox 261 2274 293 2328; x_wconf 91' lang='lat' dir='ltr'>et</span> <span class='ocrx_word' id='word_1_194' title='bbox 311 2271 377 2347; x_wconf 88' lang='lat' dir='ltr'>ipse</span> <span class='ocrx_word' id='word_1_195' title='bbox 396 2271 501 2329; x_wconf 75' lang='lat' dir='ltr'>iubam</span> <span class='ocrx_word' id='word_1_196' title='bbox 522 2269 637 2330; x_wconf 84' lang='lat' dir='ltr'>cervice</span> <span class='ocrx_word' id='word_1_197' title='bbox 658 2269 768 2329; x_wconf 78' lang='lat' dir='ltr'>effudit</span> <span class='ocrx_word' id='word_1_198' title='bbox 787 2272 898 2347; x_wconf 84' lang='lat' dir='ltr'>equine</span> <span class='ocrx_word' id='word_1_199' title='bbox 921 2268 1070 2346; x_wconf 81' lang='lat' dir='ltr'>Coniugis</span> <span class='ocrx_word' id='word_1_200' title='bbox 1090 2270 1224 2328; x_wconf 77' lang='lat' dir='ltr'>adventu</span> <span class='ocrx_word' id='word_1_201' title='bbox 1245 2265 1353 2344; x_wconf 87' lang='lat' dir='ltr'>pernix</span> 
     </span>
     <span class='ocr_line' id='line_1_21' title="bbox 145 2356 1354 2438; baseline -0.004 -20"><span class='ocrx_word' id='word_1_202' title='bbox 145 2358 328 2418; x_wconf 77' lang='lat' dir='ltr'>Saturnus.”</span> <span class='ocrx_word' id='word_1_203' title='bbox 358 2359 494 2419; x_wconf 80' lang='lat' dir='ltr'>lucilius</span> <span class='ocrx_word' id='word_1_204' title='bbox 508 2361 560 2419; x_wconf 90' lang='lat' dir='ltr'>lib.</span> <span class='ocrx_word' id='word_1_205' title='bbox 575 2358 714 2418; x_wconf 88' lang='lat' dir='ltr'>XXVII.</span> <span class='ocrx_word' id='word_1_206' title='bbox 727 2363 745 2390; x_wconf 91' lang='lat'><strong>“</strong></span> <span class='ocrx_word' id='word_1_207' title='bbox 756 2360 873 2419; x_wconf 79' lang='lat' dir='ltr'>luimus</span> <span class='ocrx_word' id='word_1_208' title='bbox 886 2360 1032 2438; x_wconf 87' lang='lat' dir='ltr'>pernices,</span> <span class='ocrx_word' id='word_1_209' title='bbox 1048 2364 1206 2417; x_wconf 81' lang='lat' dir='ltr'>ueternum</span> <span class='ocrx_word' id='word_1_210' title='bbox 1218 2357 1251 2415; x_wconf 86' lang='lat' dir='ltr'>id</span> <span class='ocrx_word' id='word_1_211' title='bbox 1264 2356 1354 2414; x_wconf 90' lang='lat' dir='ltr'>nobis</span> 
     </span>
     <span class='ocr_line' id='line_1_22' title="bbox 143 2445 1351 2527; baseline -0.003 -21"><span class='ocrx_word' id='word_1_212' title='bbox 143 2453 299 2526; x_wconf 76' lang='lat' dir='ltr'>sperantes</span> <span class='ocrx_word' id='word_1_213' title='bbox 312 2449 409 2508; x_wconf 87' lang='lat' dir='ltr'>fore.&#39;&#39;</span> <span class='ocrx_word' id='word_1_214' title='bbox 448 2451 569 2522; x_wconf 74' lang='lat' dir='ltr'>Persic,</span> <span class='ocrx_word' id='word_1_215' title='bbox 579 2470 777 2527; x_wconf 77' lang='lat' dir='ltr'>perseverans.</span> <span class='ocrx_word' id='word_1_216' title='bbox 817 2450 975 2527; x_wconf 86' lang='lat' dir='ltr'>Vergilius</span> <span class='ocrx_word' id='word_1_217' title='bbox 990 2448 1210 2527; x_wconf 85' lang='lat' dir='ltr'>Georgicorum</span> <span class='ocrx_word' id='word_1_218' title='bbox 1223 2447 1275 2505; x_wconf 90' lang='lat' dir='ltr'>lib.</span> <span class='ocrx_word' id='word_1_219' title='bbox 1291 2445 1351 2504; x_wconf 90' lang='lat' dir='ltr'>HI.</span> 
     </span>
     <span class='ocr_line' id='line_1_23' title="bbox 143 2538 970 2618; baseline 0.002 -22"><span class='ocrx_word' id='word_1_220' title='bbox 143 2540 203 2598; x_wconf 89' lang='lat' dir='ltr'>“et</span> <span class='ocrx_word' id='word_1_221' title='bbox 216 2538 296 2597; x_wconf 87' lang='lat' dir='ltr'>inter</span> <span class='ocrx_word' id='word_1_222' title='bbox 307 2539 395 2597; x_wconf 81' lang='lat' dir='ltr'>Dure</span> <span class='ocrx_word' id='word_1_223' title='bbox 407 2540 486 2598; x_wconf 77' lang='lat' dir='ltr'>iacet</span> <span class='ocrx_word' id='word_1_224' title='bbox 498 2541 607 2618; x_wconf 88' lang='lat' dir='ltr'>pernix</span> <span class='ocrx_word' id='word_1_225' title='bbox 621 2542 749 2599; x_wconf 84' lang='lat' dir='ltr'>instrato</span> <span class='ocrx_word' id='word_1_226' title='bbox 763 2560 835 2600; x_wconf 77' lang='lat' dir='ltr'>sexa</span> <span class='ocrx_word' id='word_1_227' title='bbox 846 2540 970 2599; x_wconf 86' lang='lat' dir='ltr'>cubili.’&#39;</span> 
     </span>
    </p>

    <p class='ocr_par' dir='ltr' id='par_1_7' title="bbox 139 2632 1352 3169">
     <span class='ocr_line' id='line_1_24' title="bbox 186 2632 1352 2710; baseline -0.003 -19"><span class='ocrx_word' id='word_1_228' title='bbox 186 2632 320 2704; x_wconf 81' lang='lat' dir='ltr'>Servius,</span> <span class='ocrx_word' id='word_1_229' title='bbox 336 2632 375 2691; x_wconf 83' lang='lat' dir='ltr'>A.</span> <span class='ocrx_word' id='word_1_230' title='bbox 390 2634 438 2692; x_wconf 93' lang='lat' dir='ltr'>ll.</span> <span class='ocrx_word' id='word_1_231' title='bbox 453 2633 518 2704; x_wconf 86' lang='grc'>718,</span> <span class='ocrx_word' id='word_1_232' title='bbox 534 2634 708 2710; x_wconf 77' lang='lat' dir='ltr'>pernicibus</span> <span class='ocrx_word' id='word_1_233' title='bbox 728 2675 737 2691; x_wconf 88' lang='lat'><strong>.</strong></span> <span class='ocrx_word' id='word_1_234' title='bbox 757 2679 764 2692; x_wconf 90' lang='lat'><strong>.</strong></span> <span class='ocrx_word' id='word_1_235' title='bbox 787 2676 795 2692; x_wconf 91' lang='lat'><strong>.</strong></span> <span class='ocrx_word' id='word_1_236' title='bbox 816 2634 907 2692; x_wconf 89' lang='lat' dir='ltr'>modo</span> <span class='ocrx_word' id='word_1_237' title='bbox 925 2633 1096 2704; x_wconf 80' lang='lat' dir='ltr'>velocibus3</span> <span class='ocrx_word' id='word_1_238' title='bbox 1116 2633 1192 2692; x_wconf 80' lang='lat' dir='ltr'>eliss</span> <span class='ocrx_word' id='word_1_239' title='bbox 1204 2651 1352 2708; x_wconf 77' lang='lat' dir='ltr'>persever-</span> 
     </span>
     <span class='ocr_line' id='line_1_25' title="bbox 145 2723 1351 2802; baseline 0.001 -21"><span class='ocrx_word' id='word_1_240' title='bbox 145 2725 274 2782; x_wconf 75' lang='lat' dir='ltr'>antibus.</span> <span class='ocrx_word' id='word_1_241' title='bbox 315 2725 397 2783; x_wconf 84' lang='lat' dir='ltr'>Nem</span> <span class='ocrx_word' id='word_1_242' title='bbox 410 2727 521 2802; x_wconf 78' lang='lat' dir='ltr'>porciu</span> <span class='ocrx_word' id='word_1_243' title='bbox 541 2725 696 2783; x_wconf 89' lang='lat' dir='ltr'>interdum</span> <span class='ocrx_word' id='word_1_244' title='bbox 713 2728 802 2796; x_wconf 73' lang='lat' dir='ltr'>veios,</span> <span class='ocrx_word' id='word_1_245' title='bbox 818 2725 972 2783; x_wconf 81' lang='lat' dir='ltr'>interdum</span> <span class='ocrx_word' id='word_1_246' title='bbox 983 2745 1174 2801; x_wconf 77' lang='lat' dir='ltr'>perseverans</span> <span class='ocrx_word' id='word_1_247' title='bbox 1190 2723 1351 2801; x_wconf 74' lang='lat' dir='ltr'>significet,</span> 
     </span>
     <span class='ocr_line' id='line_1_26' title="bbox 142 2816 1351 2896; baseline 0.001 -21"><span class='ocrx_word' id='word_1_248' title='bbox 142 2823 181 2875; x_wconf 88' lang='lat' dir='ltr'>ut</span> <span class='ocrx_word' id='word_1_249' title='bbox 193 2817 260 2894; x_wconf 90' lang='lat' dir='ltr'>ipse</span> <span class='ocrx_word' id='word_1_250' title='bbox 273 2818 310 2875; x_wconf 93' lang='lat' dir='ltr'>in</span> <span class='ocrx_word' id='word_1_251' title='bbox 321 2816 480 2895; x_wconf 77' lang='lat' dir='ltr'>Georgicis</span> <span class='ocrx_word' id='word_1_252' title='bbox 494 2821 553 2876; x_wconf 88' lang='lat' dir='ltr'>“et</span> <span class='ocrx_word' id='word_1_253' title='bbox 566 2819 647 2876; x_wconf 88' lang='lat' dir='ltr'>inter</span> <span class='ocrx_word' id='word_1_254' title='bbox 660 2819 747 2877; x_wconf 81' lang='lat' dir='ltr'>Dura</span> <span class='ocrx_word' id='word_1_255' title='bbox 759 2820 838 2877; x_wconf 84' lang='lat' dir='ltr'>ieoet</span> <span class='ocrx_word' id='word_1_256' title='bbox 851 2819 989 2896; x_wconf 84' lang='lat' dir='ltr'>pernix,‘&#39;</span> <span class='ocrx_word' id='word_1_257' title='bbox 1011 2819 1064 2878; x_wconf 74' lang='lat' dir='ltr'>luc.</span> <span class='ocrx_word' id='word_1_258' title='bbox 1096 2818 1182 2878; x_wconf 86' lang='lat' dir='ltr'>Serv.</span> <span class='ocrx_word' id='word_1_259' title='bbox 1194 2817 1232 2877; x_wconf 87' lang='lat' dir='ltr'>G.</span> <span class='ocrx_word' id='word_1_260' title='bbox 1244 2820 1273 2877; x_wconf 85' lang='lat'>3.</span> <span class='ocrx_word' id='word_1_261' title='bbox 1284 2817 1351 2888; x_wconf 94' lang='grc'>230,</span> 
     </span>
     <span class='ocr_line' id='line_1_27' title="bbox 139 2908 1352 2986; baseline 0 -20"><span class='ocrx_word' id='word_1_262' title='bbox 139 2908 259 2984; x_wconf 67' lang='lat' dir='ltr'>perric,</span> <span class='ocrx_word' id='word_1_263' title='bbox 288 2908 378 2967; x_wconf 86' lang='lat' dir='ltr'>modo</span> <span class='ocrx_word' id='word_1_264' title='bbox 398 2929 599 2986; x_wconf 67' lang='lat' dir='ltr'>perseverares.</span> <span class='ocrx_word' id='word_1_265' title='bbox 652 2910 767 2968; x_wconf 73' lang='lat' dir='ltr'>Persic</span> <span class='ocrx_word' id='word_1_266' title='bbox 793 2915 898 2969; x_wconf 83' lang='lat' dir='ltr'>entem</span> <span class='ocrx_word' id='word_1_267' title='bbox 920 2930 1111 2986; x_wconf 75' lang='lat' dir='ltr'>perseverare</span> <span class='ocrx_word' id='word_1_268' title='bbox 1135 2930 1155 2968; x_wconf 83' lang='lat' dir='ltr'>e</span> <span class='ocrx_word' id='word_1_269' title='bbox 1177 2910 1352 2986; x_wconf 74' lang='lat' dir='ltr'>pernitendo</span> 
     </span>
     <span class='ocr_line' id='line_1_28' title="bbox 142 2999 1350 3078; baseline 0 -21"><span class='ocrx_word' id='word_1_270' title='bbox 142 3004 279 3058; x_wconf 76' lang='lat' dir='ltr'>tractum</span> <span class='ocrx_word' id='word_1_271' title='bbox 300 3004 355 3058; x_wconf 87' lang='lat' dir='ltr'>est.</span> <span class='ocrx_word' id='word_1_272' title='bbox 397 2999 556 3073; x_wconf 82' lang='lat' dir='ltr'>Horatius,</span> <span class='ocrx_word' id='word_1_273' title='bbox 580 3001 737 3077; x_wconf 89' lang='lat' dir='ltr'>“pernicis</span> <span class='ocrx_word' id='word_1_274' title='bbox 757 3021 837 3059; x_wconf 83' lang='lat' dir='ltr'>uxor</span> <span class='ocrx_word' id='word_1_275' title='bbox 849 2999 975 3078; x_wconf 82' lang='lat' dir='ltr'>Apuli.’&#39;</span> <span class='ocrx_word' id='word_1_276' title='bbox 1015 3001 1152 3078; x_wconf 81' lang='lat' dir='ltr'>Philurg.</span> <span class='ocrx_word' id='word_1_277' title='bbox 1167 3003 1206 3060; x_wconf 81' lang='lat' dir='ltr'>ib.</span> <span class='ocrx_word' id='word_1_278' title='bbox 1220 3001 1350 3077; x_wconf 71' lang='lat' dir='ltr'>peruris:</span> 
     </span>
     <span class='ocr_line' id='line_1_29' title="bbox 142 3091 1039 3169; baseline 0.002 -21"><span class='ocrx_word' id='word_1_279' title='bbox 142 3091 259 3167; x_wconf 89' lang='lat' dir='ltr'>legitur</span> <span class='ocrx_word' id='word_1_280' title='bbox 272 3094 304 3148; x_wconf 88' lang='lat' dir='ltr'>et</span> <span class='ocrx_word' id='word_1_281' title='bbox 311 3110 447 3167; x_wconf 80' lang='lat' dir='ltr'>percoc,·</span> <span class='ocrx_word' id='word_1_282' title='bbox 470 3092 524 3150; x_wconf 90' lang='lat' dir='ltr'>sed</span> <span class='ocrx_word' id='word_1_283' title='bbox 531 3093 642 3168; x_wconf 73' lang='lat' dir='ltr'>perric</span> <span class='ocrx_word' id='word_1_284' title='bbox 657 3092 773 3160; x_wconf 87' lang='lat' dir='ltr'>melius,</span> <span class='ocrx_word' id='word_1_285' title='bbox 786 3092 821 3149; x_wconf 93' lang='lat' dir='ltr'>id</span> <span class='ocrx_word' id='word_1_286' title='bbox 833 3097 880 3150; x_wconf 87' lang='lat' dir='ltr'>est</span> <span class='ocrx_word' id='word_1_287' title='bbox 888 3095 1039 3169; x_wconf 75' lang='lat' dir='ltr'>perticae.</span> 
     </span>
    </p>

    <p class='ocr_par' dir='ltr' id='par_1_8' title="bbox 142 3186 1353 3447">
     <span class='ocr_line' id='line_1_30' title="bbox 184 3186 1353 3266; baseline 0 -21"><span class='ocrx_word' id='word_1_288' title='bbox 184 3186 219 3244; x_wconf 91' lang='grc' dir='ltr'>Ρ.</span> <span class='ocrx_word' id='word_1_289' title='bbox 241 3187 309 3256; x_wconf 88' lang='grc'>370,</span> <span class='ocrx_word' id='word_1_290' title='bbox 325 3206 451 3263; x_wconf 81' lang='lat' dir='ltr'>parcere</span> <span class='ocrx_word' id='word_1_291' title='bbox 478 3207 606 3246; x_wconf 75' lang='lat' dir='ltr'>seruere.</span> <span class='ocrx_word' id='word_1_292' title='bbox 659 3187 818 3265; x_wconf 83' lang='lat' dir='ltr'>Vergilius</span> <span class='ocrx_word' id='word_1_293' title='bbox 846 3189 898 3247; x_wconf 92' lang='lat' dir='ltr'>lib.</span> <span class='ocrx_word' id='word_1_294' title='bbox 927 3189 968 3246; x_wconf 92' lang='lat' dir='ltr'>X.</span> <span class='ocrx_word' id='word_1_295' title='bbox 990 3190 1137 3266; x_wconf 79' lang='lat' dir='ltr'>“urgenti</span> <span class='ocrx_word' id='word_1_296' title='bbox 1166 3194 1259 3266; x_wconf 83' lang='lat' dir='ltr'>etque</span> <span class='ocrx_word' id='word_1_297' title='bbox 1286 3189 1353 3246; x_wconf 85' lang='lat' dir='ltr'>euri</span> 
     </span>
     <span class='ocr_line' id='line_1_31' title="bbox 142 3277 1352 3356; baseline 0.002 -20"><span class='ocrx_word' id='word_1_298' title='bbox 142 3297 292 3336; x_wconf 85' lang='lat' dir='ltr'>memores</span> <span class='ocrx_word' id='word_1_299' title='bbox 305 3298 385 3356; x_wconf 83' lang='lat' dir='ltr'>quse</span> <span class='ocrx_word' id='word_1_300' title='bbox 398 3279 496 3337; x_wconf 82' lang='lat' dir='ltr'>multe</span> <span class='ocrx_word' id='word_1_301' title='bbox 509 3279 626 3336; x_wconf 78' lang='lat' dir='ltr'>talenta</span> <span class='ocrx_word' id='word_1_302' title='bbox 640 3277 749 3338; x_wconf 76' lang='lat' dir='ltr'>Gnatis</span> <span class='ocrx_word' id='word_1_303' title='bbox 762 3299 853 3356; x_wconf 84' lang='lat' dir='ltr'>perce</span> <span class='ocrx_word' id='word_1_304' title='bbox 864 3281 958 3338; x_wconf 87' lang='lat' dir='ltr'>tuis.”</span> <span class='ocrx_word' id='word_1_305' title='bbox 999 3280 1137 3340; x_wconf 84' lang='lat' dir='ltr'>Lucilius</span> <span class='ocrx_word' id='word_1_306' title='bbox 1150 3282 1202 3340; x_wconf 89' lang='lat' dir='ltr'>lib.</span> <span class='ocrx_word' id='word_1_307' title='bbox 1212 3281 1352 3340; x_wconf 91' lang='lat' dir='ltr'><strong>XXVII.</strong></span> 
     </span>
     <span class='ocr_line' id='line_1_32' title="bbox 143 3369 1140 3447; baseline 0.005 -21"><span class='ocrx_word' id='word_1_308' title='bbox 143 3372 303 3447; x_wconf 74' lang='lat' dir='ltr'>“percant</span> <span class='ocrx_word' id='word_1_309' title='bbox 316 3369 363 3427; x_wconf 88' lang='lat' dir='ltr'>illi</span> <span class='ocrx_word' id='word_1_310' title='bbox 376 3389 465 3447; x_wconf 84' lang='lat' dir='ltr'>megs</span> <span class='ocrx_word' id='word_1_311' title='bbox 479 3370 529 3428; x_wconf 92' lang='lat' dir='ltr'>cni</span> <span class='ocrx_word' id='word_1_312' title='bbox 543 3370 669 3446; x_wconf 90' lang='lat' dir='ltr'>possint,</span> <span class='ocrx_word' id='word_1_313' title='bbox 682 3371 732 3430; x_wconf 88' lang='lat' dir='ltr'>cui</span> <span class='ocrx_word' id='word_1_314' title='bbox 746 3371 839 3429; x_wconf 88' lang='lat' dir='ltr'>fidem</span> <span class='ocrx_word' id='word_1_315' title='bbox 852 3391 917 3431; x_wconf 87' lang='lat' dir='ltr'>esso</span> <span class='ocrx_word' id='word_1_316' title='bbox 930 3372 1140 3431; x_wconf 84' lang='lat' dir='ltr'>existiment.’&#39;</span> 
     </span>
    </p>

    <p class='ocr_par' dir='ltr' id='par_1_9' title="bbox 143 3458 1352 3630">
     <span class='ocr_line' id='line_1_33' title="bbox 186 3458 1352 3540; baseline 0.003 -22"><span class='ocrx_word' id='word_1_317' title='bbox 186 3459 321 3532; x_wconf 84' lang='lat' dir='ltr'>Servius,</span> <span class='ocrx_word' id='word_1_318' title='bbox 342 3459 381 3517; x_wconf 55' lang='lat' dir='ltr'>A</span> <span class='ocrx_word' id='word_1_319' title='bbox 401 3460 449 3519; x_wconf 90' lang='lat'>10.</span> <span class='ocrx_word' id='word_1_320' title='bbox 471 3459 530 3519; x_wconf 81' lang='grc'>532</span> <span class='ocrx_word' id='word_1_321' title='bbox 553 3458 666 3538; x_wconf 84' lang='lat' dir='ltr'>(comp.</span> <span class='ocrx_word' id='word_1_322' title='bbox 682 3460 718 3518; x_wconf 84' lang='lat' dir='ltr'>Il.</span> <span class='ocrx_word' id='word_1_323' title='bbox 734 3462 762 3521; x_wconf 89' lang='grc'>3.</span> <span class='ocrx_word' id='word_1_324' title='bbox 777 3460 842 3540; x_wconf 91' lang='grc'>94),</span> <span class='ocrx_word' id='word_1_325' title='bbox 866 3482 960 3538; x_wconf 85' lang='lat' dir='ltr'>parce</span> <span class='ocrx_word' id='word_1_326' title='bbox 986 3467 1091 3521; x_wconf 83' lang='lat' dir='ltr'>eutem</span> <span class='ocrx_word' id='word_1_327' title='bbox 1114 3467 1162 3522; x_wconf 89' lang='lat' dir='ltr'>est</span> <span class='ocrx_word' id='word_1_328' title='bbox 1185 3465 1352 3523; x_wconf 89' lang='lat' dir='ltr'>secundum</span> 
     </span>
     <span class='ocr_line' id='line_1_34' title="bbox 143 3550 1077 3630; baseline 0.002 -22"><span class='ocrx_word' id='word_1_329' title='bbox 143 3550 287 3628; x_wconf 78' lang='lat' dir='ltr'>antiquos</span> <span class='ocrx_word' id='word_1_330' title='bbox 301 3571 395 3623; x_wconf 63' lang='lat' dir='ltr'>reve,</span> <span class='ocrx_word' id='word_1_331' title='bbox 410 3556 447 3610; x_wconf 89' lang='lat' dir='ltr'>ut</span> <span class='ocrx_word' id='word_1_332' title='bbox 460 3553 543 3630; x_wconf 85' lang='lat' dir='ltr'>epnd</span> <span class='ocrx_word' id='word_1_333' title='bbox 553 3552 705 3611; x_wconf 86' lang='lat' dir='ltr'>Lucilium</span> <span class='ocrx_word' id='word_1_334' title='bbox 715 3557 748 3611; x_wconf 87' lang='lat' dir='ltr'>et</span> <span class='ocrx_word' id='word_1_335' title='bbox 761 3551 898 3610; x_wconf 78' lang='lat' dir='ltr'>Ennium</span> <span class='ocrx_word' id='word_1_336' title='bbox 911 3554 1077 3611; x_wconf 89' lang='lat' dir='ltr'>invenitur.</span> 
     </span>
    </p>

    <p class='ocr_par' dir='ltr' id='par_1_10' title="bbox 142 3639 1353 3904">
     <span class='ocr_line' id='line_1_35' title="bbox 185 3639 1353 3720; baseline 0.006 -21"><span class='ocrx_word' id='word_1_337' title='bbox 185 3641 221 3699; x_wconf 93' lang='lat' dir='ltr'>P.</span> <span class='ocrx_word' id='word_1_338' title='bbox 236 3639 305 3711; x_wconf 88' lang='grc'>374,</span> <span class='ocrx_word' id='word_1_339' title='bbox 320 3661 441 3719; x_wconf 82' lang='lat' dir='ltr'>poscere</span> <span class='ocrx_word' id='word_1_340' title='bbox 454 3661 628 3720; x_wconf 77' lang='lat' dir='ltr'>provocare.</span> <span class='ocrx_word' id='word_1_341' title='bbox 669 3642 827 3720; x_wconf 89' lang='lat' dir='ltr'>Vergilius</span> <span class='ocrx_word' id='word_1_342' title='bbox 848 3645 900 3703; x_wconf 91' lang='lat' dir='ltr'>lib.</span> <span class='ocrx_word' id='word_1_343' title='bbox 914 3644 1005 3703; x_wconf 86' lang='lat' dir='ltr'>VIII.</span> <span class='ocrx_word' id='word_1_344' title='bbox 1022 3649 1039 3675; x_wconf 74' lang='lat'>‘⁴</span> <span class='ocrx_word' id='word_1_345' title='bbox 1048 3651 1104 3705; x_wconf 79' lang='lat' dir='ltr'>cut</span> <span class='ocrx_word' id='word_1_346' title='bbox 1116 3666 1217 3706; x_wconf 86' lang='lat' dir='ltr'>eorem</span> <span class='ocrx_word' id='word_1_347' title='bbox 1232 3648 1353 3707; x_wconf 87' lang='lat' dir='ltr'>dubites</span> 
     </span>
     <span class='ocr_line' id='line_1_36' title="bbox 142 3733 1353 3813; baseline 0.002 -19"><span class='ocrx_word' id='word_1_348' title='bbox 142 3734 176 3794; x_wconf 88' lang='lat' dir='ltr'>in</span> <span class='ocrx_word' id='word_1_349' title='bbox 202 3733 318 3811; x_wconf 83' lang='lat' dir='ltr'>proelis</span> <span class='ocrx_word' id='word_1_350' title='bbox 344 3753 468 3811; x_wconf 89' lang='lat' dir='ltr'>poscere</span> <span class='ocrx_word' id='word_1_351' title='bbox 495 3733 663 3792; x_wconf 83' lang='lat' dir='ltr'>Turnum.‘&#39;</span> <span class='ocrx_word' id='word_1_352' title='bbox 704 3733 748 3792; x_wconf 84' lang='lat' dir='ltr'>M.</span> <span class='ocrx_word' id='word_1_353' title='bbox 776 3735 896 3794; x_wconf 80' lang='lat' dir='ltr'>Tullius</span> <span class='ocrx_word' id='word_1_354' title='bbox 920 3736 1021 3813; x_wconf 88' lang='lat' dir='ltr'>primo</span> <span class='ocrx_word' id='word_1_355' title='bbox 1048 3738 1198 3798; x_wconf 77' lang='lat' dir='ltr'>secundae</span> <span class='ocrx_word' id='word_1_356' title='bbox 1224 3739 1353 3798; x_wconf 79' lang='lat' dir='ltr'>actionis</span> 
     </span>
     <span class='ocr_line' id='line_1_37' title="bbox 142 3820 853 3904; baseline 0.003 -20"><span class='ocrx_word' id='word_1_357' title='bbox 142 3825 329 3885; x_wconf 88' lang='lat' dir='ltr'>inVerrem:</span> <span class='ocrx_word' id='word_1_358' title='bbox 354 3829 513 3904; x_wconf 89' lang='lat' dir='ltr'>“poscunt</span> <span class='ocrx_word' id='word_1_359' title='bbox 527 3820 693 3885; x_wconf 77' lang='lat' dir='ltr'>maioribus</span> <span class='ocrx_word' id='word_1_360' title='bbox 706 3826 853 3904; x_wconf 83' lang='lat' dir='ltr'>poculis.&#39;’</span> 
     </span>
    </p>

    <p class='ocr_par' dir='ltr' id='par_1_11' title="bbox 144 3916 1354 4087">
     <span class='ocr_line' id='line_1_38' title="bbox 185 3916 1354 3999; baseline 0.006 -24"><span class='ocrx_word' id='word_1_361' title='bbox 185 3916 322 3987; x_wconf 78' lang='lat' dir='ltr'>Servius,</span> <span class='ocrx_word' id='word_1_362' title='bbox 343 3918 383 3976; x_wconf 77' lang='lat' dir='ltr'>A.</span> <span class='ocrx_word' id='word_1_363' title='bbox 402 3918 431 3976; x_wconf 88' lang='grc'>8.</span> <span class='ocrx_word' id='word_1_364' title='bbox 446 3917 514 3988; x_wconf 91' lang='grc'>614,</span> <span class='ocrx_word' id='word_1_365' title='bbox 528 3936 647 3994; x_wconf 81' lang='lat' dir='ltr'>poscere</span> <span class='ocrx_word' id='word_1_366' title='bbox 664 3938 839 3995; x_wconf 72' lang='lat' dir='ltr'>provocare.</span> <span class='ocrx_word' id='word_1_367' title='bbox 881 3917 995 3993; x_wconf 82' lang='lat' dir='ltr'>Cicero,</span> <span class='ocrx_word' id='word_1_368' title='bbox 1016 3923 1034 3951; x_wconf 89' lang='lat'><strong>“</strong></span> <span class='ocrx_word' id='word_1_369' title='bbox 1042 3926 1172 3999; x_wconf 88' lang='lat' dir='ltr'>poscunt</span> <span class='ocrx_word' id='word_1_370' title='bbox 1188 3922 1354 3981; x_wconf 81' lang='lat' dir='ltr'>maioribus</span> 
     </span>
     <span class='ocr_line' id='line_1_39' title="bbox 144 4009 586 4087; baseline 0 -20"><span class='ocrx_word' id='word_1_371' title='bbox 144 4009 292 4086; x_wconf 86' lang='lat' dir='ltr'>poculis,&#39;&#39;</span> <span class='ocrx_word' id='word_1_372' title='bbox 305 4009 338 4067; x_wconf 92' lang='lat' dir='ltr'>id</span> <span class='ocrx_word' id='word_1_373' title='bbox 352 4015 398 4068; x_wconf 88' lang='lat' dir='ltr'>est</span> <span class='ocrx_word' id='word_1_374' title='bbox 411 4015 586 4087; x_wconf 80' lang='lat' dir='ltr'>provocent.</span> 
     </span>
    </p>

    <p class='ocr_par' dir='ltr' id='par_1_12' title="bbox 144 4100 1354 4555">
     <span class='ocr_line' id='line_1_40' title="bbox 185 4100 1354 4186; baseline 0.004 -26"><span class='ocrx_word' id='word_1_375' title='bbox 185 4102 220 4160; x_wconf 89' lang='grc' dir='ltr'>Ρ.</span> <span class='ocrx_word' id='word_1_376' title='bbox 244 4100 312 4171; x_wconf 88' lang='grc'>377,</span> <span class='ocrx_word' id='word_1_377' title='bbox 326 4104 475 4180; x_wconf 76' lang='lat' dir='ltr'>protinus,</span> <span class='ocrx_word' id='word_1_378' title='bbox 491 4103 589 4163; x_wconf 78' lang='lat' dir='ltr'>valde.</span> <span class='ocrx_word' id='word_1_379' title='bbox 629 4103 788 4181; x_wconf 84' lang='lat' dir='ltr'>Vergilius</span> <span class='ocrx_word' id='word_1_380' title='bbox 809 4104 842 4163; x_wconf 91' lang='lat' dir='ltr'>in</span> <span class='ocrx_word' id='word_1_381' title='bbox 864 4104 1026 4179; x_wconf 87' lang='lat' dir='ltr'>Bucolicis,</span> <span class='ocrx_word' id='word_1_382' title='bbox 1051 4111 1116 4166; x_wconf 89' lang='lat' dir='ltr'>“en</span> <span class='ocrx_word' id='word_1_383' title='bbox 1140 4108 1204 4186; x_wconf 91' lang='lat' dir='ltr'>ipse</span> <span class='ocrx_word' id='word_1_384' title='bbox 1224 4107 1354 4184; x_wconf 75' lang='lat' dir='ltr'>capellas</span> 
     </span>
     <span class='ocr_line' id='line_1_41' title="bbox 145 4190 1354 4275; baseline 0.005 -25"><span class='ocrx_word' id='word_1_385' title='bbox 145 4190 297 4253; x_wconf 86' lang='lat' dir='ltr'>Protenns</span> <span class='ocrx_word' id='word_1_386' title='bbox 319 4214 411 4272; x_wconf 83' lang='lat' dir='ltr'>eegcr</span> <span class='ocrx_word' id='word_1_387' title='bbox 433 4192 522 4271; x_wconf 86' lang='lat' dir='ltr'>ego‚’&#39;</span> <span class='ocrx_word' id='word_1_388' title='bbox 547 4200 583 4253; x_wconf 90' lang='lat' dir='ltr'>ut</span> <span class='ocrx_word' id='word_1_389' title='bbox 605 4195 646 4253; x_wconf 83' lang='lat' dir='ltr'>sit</span> <span class='ocrx_word' id='word_1_390' title='bbox 668 4197 770 4254; x_wconf 85' lang='lat' dir='ltr'>enimc</span> <span class='ocrx_word' id='word_1_391' title='bbox 794 4200 827 4254; x_wconf 89' lang='lat' dir='ltr'>et</span> <span class='ocrx_word' id='word_1_392' title='bbox 849 4215 974 4274; x_wconf 87' lang='lat' dir='ltr'>corpore</span> <span class='ocrx_word' id='word_1_393' title='bbox 995 4198 1084 4258; x_wconf 78' lang='lat' dir='ltr'>valde</span> <span class='ocrx_word' id='word_1_394' title='bbox 1107 4218 1215 4275; x_wconf 78' lang='lat' dir='ltr'>aeger:</span> <span class='ocrx_word' id='word_1_395' title='bbox 1250 4205 1305 4257; x_wconf 80' lang='lat' dir='ltr'>eut</span> <span class='ocrx_word' id='word_1_396' title='bbox 1328 4200 1354 4257; x_wconf 91' lang='lat' dir='ltr'>si</span> 
     </span>
     <span class='ocr_line' id='line_1_42' title="bbox 144 4285 1354 4368; baseline 0.003 -25"><span class='ocrx_word' id='word_1_397' title='bbox 144 4285 228 4344; x_wconf 77' lang='lat' dir='ltr'>uliud</span> <span class='ocrx_word' id='word_1_398' title='bbox 247 4288 395 4359; x_wconf 83' lang='lat' dir='ltr'>enuntiet,</span> <span class='ocrx_word' id='word_1_399' title='bbox 416 4288 551 4347; x_wconf 87' lang='lat' dir='ltr'>refertur</span> <span class='ocrx_word' id='word_1_400' title='bbox 567 4288 607 4347; x_wconf 83' lang='lat' dir='ltr'>sd</span> <span class='ocrx_word' id='word_1_401' title='bbox 626 4288 703 4346; x_wconf 87' lang='lat' dir='ltr'>illud</span> <span class='ocrx_word' id='word_1_402' title='bbox 717 4285 779 4365; x_wconf 79' lang='lat' dir='ltr'>(ie.</span> <span class='ocrx_word' id='word_1_403' title='bbox 801 4289 854 4348; x_wconf 91' lang='lat' dir='ltr'>the</span> <span class='ocrx_word' id='word_1_404' title='bbox 875 4291 1020 4368; x_wconf 78' lang='lat' dir='ltr'>meaning</span> <span class='ocrx_word' id='word_1_405' title='bbox 1039 4292 1132 4367; x_wconf 78' lang='lat' dir='ltr'>loope,</span> <span class='ocrx_word' id='word_1_406' title='bbox 1149 4311 1241 4368; x_wconf 88' lang='lat' dir='ltr'>porro</span> <span class='ocrx_word' id='word_1_407' title='bbox 1262 4292 1354 4368; x_wconf 86' lang='lat' dir='ltr'>given</span> 
     </span>
     <span class='ocr_line' id='line_1_43' title="bbox 145 4377 1354 4462; baseline 0.006 -26"><span class='ocrx_word' id='word_1_408' title='bbox 145 4377 210 4455; x_wconf 87' lang='lat' dir='ltr'>just</span> <span class='ocrx_word' id='word_1_409' title='bbox 229 4377 350 4458; x_wconf 85' lang='lat' dir='ltr'>before)</span> <span class='ocrx_word' id='word_1_410' title='bbox 364 4386 401 4438; x_wconf 91' lang='lat' dir='ltr'>ut</span> <span class='ocrx_word' id='word_1_411' title='bbox 421 4381 471 4453; x_wconf 85' lang='lat' dir='ltr'>sit,</span> <span class='ocrx_word' id='word_1_412' title='bbox 487 4383 579 4458; x_wconf 59' lang='lat' dir='ltr'>lorge,</span> <span class='ocrx_word' id='word_1_413' title='bbox 592 4401 684 4457; x_wconf 84' lang='lat' dir='ltr'>porro</span> <span class='ocrx_word' id='word_1_414' title='bbox 705 4402 769 4458; x_wconf 78' lang='lat' dir='ltr'>opo.</span> <span class='ocrx_word' id='word_1_415' title='bbox 820 4382 866 4441; x_wconf 83' lang='lat' dir='ltr'>At</span> <span class='ocrx_word' id='word_1_416' title='bbox 883 4383 986 4462; x_wconf 88' lang='lat' dir='ltr'>ipsum</span> <span class='ocrx_word' id='word_1_417' title='bbox 1004 4390 1096 4456; x_wconf 74' lang='lat' dir='ltr'>tenus,</span> <span class='ocrx_word' id='word_1_418' title='bbox 1116 4385 1196 4455; x_wconf 88' lang='lat' dir='ltr'>licet,</span> <span class='ocrx_word' id='word_1_419' title='bbox 1215 4387 1253 4442; x_wconf 90' lang='lat' dir='ltr'>ut</span> <span class='ocrx_word' id='word_1_420' title='bbox 1267 4403 1354 4460; x_wconf 81' lang='lat' dir='ltr'>prae·</span> 
     </span>
     <span class='ocr_line' id='line_1_44' title="bbox 146 4472 1353 4555; baseline 0.005 -24"><span class='ocrx_word' id='word_1_421' title='bbox 146 4472 328 4547; x_wconf 80' lang='lat' dir='ltr'>positionem</span> <span class='ocrx_word' id='word_1_422' title='bbox 339 4478 501 4555; x_wconf 71' lang='lat' dir='ltr'>acceperit,</span> <span class='ocrx_word' id='word_1_423' title='bbox 515 4479 561 4536; x_wconf 87' lang='lat' dir='ltr'>ite</span> <span class='ocrx_word' id='word_1_424' title='bbox 578 4478 803 4555; x_wconf 79' lang='lat' dir='ltr'>significatione</span> <span class='ocrx_word' id='word_1_425' title='bbox 825 4480 972 4552; x_wconf 79' lang='lat' dir='ltr'>varietur,</span> <span class='ocrx_word' id='word_1_426' title='bbox 987 4486 1090 4539; x_wconf 81' lang='lat' dir='ltr'>temen</span> <span class='ocrx_word' id='word_1_427' title='bbox 1110 4480 1242 4538; x_wconf 74' lang='lat' dir='ltr'>maxime</span> <span class='ocrx_word' id='word_1_428' title='bbox 1262 4481 1353 4537; x_wconf 89' lang='lat' dir='ltr'>finem</span> 
     </span>
    </p>
   </div>
   <div class='ocr_carea' id='block_1_3' title="bbox 0 0 1637 5059">
    <p class='ocr_par' dir='ltr' id='par_1_13' title="bbox 0 0 1637 5059">
     <span class='ocr_line' id='line_1_45' title="bbox 0 0 1637 5059; baseline 0 0"><span class='ocrx_word' id='word_1_429' title='bbox 0 0 1637 5059; x_wconf 95' lang='lat' dir='ltr'> </span> 
     </span>
    </p>
   </div>
  </div>
 </body>
</html>
