3250 5059
234 425 352 492 lxxxiv
390 422 484 490 THE
505 422 713 490 ANGIENT
737 422 1113 491 COMMENTATORS
1136 424 1201 492 ΟΝ
1224 424 1398 495 VIRGIL.

278 605 396 666 Gellius
409 623 479 682 says
492 602 525 661 of
544 602 608 662 this
621 603 700 662 view
716 600 777 681 (18.
794 599 896 678 512),
910 604 927 633 “
938 601 992 659 sed
1006 602 1112 660 eadem
1130 600 1199 679 ipsa
1212 607 1284 680 post
1301 604 1394 662 etiam
1414 606 1448 663 in

237 697 427 777 pervulgatis
450 695 675 755 commentariis
697 695 812 772 scripta
829 693 1044 753 offendimus.’'
1084 692 1146 753 Are
1170 695 1258 754 these
1273 698 1449 774 percclqcti

238 790 446 849 commendarit
468 789 697 847 commentarius
711 808 752 846 on
764 787 878 863 Virgil,
893 806 929 845 or
942 786 1081 845 trectises
1092 806 1131 845 ou
1145 787 1198 847 the
1212 808 1267 848 use
1280 789 1313 847 cf
1327 788 1448 848 words?

238 882 275 940 In
290 883 389 942 either
402 900 470 940 case
483 880 546 938 this
559 880 726 938 discussion
741 898 781 937 on
798 879 852 936 the
868 877 954 935 word
971 897 1059 953 eques
1076 884 1161 937 must
1180 880 1259 940 have
1277 883 1357 940 been
1377 901 1447 939 con-

237 975 391 1052 siderably
404 975 489 1033 older
501 974 579 1032 than
591 974 645 1032 the
657 973 734 1032 time
748 972 782 1031 of
803 971 928 1031 Gellius.

277 1072 311 1131 P.
337 1072 396 1131 109
419 1069 536 1147 [Flora
562 1068 694 1147 florida]⁸
735 1069 871 1128 Naevius
905 1067 1068 1146 Lycurgo:
1099 1073 1163 1128 “ut
1185 1071 1304 1130 videam
1317 1072 1450 1133 Volcani

237 1164 313 1223 haee
326 1183 416 1240 opere
430 1162 562 1221 flammis
575 1162 651 1220 flora
664 1161 761 1219 fieri.''

280 1255 365 1315 Serv.
394 1254 433 1313 A.
463 1256 509 1313 12.
538 1255 606 1325 605,
627 1255 725 1330 flavos
755 1253 889 1312 Lavinia
917 1254 1021 1312 crines.
1076 1251 1215 1332 Antiqua
1244 1255 1336 1316 lectio
1355 1258 1450 1332 flores

236 1347 353 1418 habuit,
375 1348 407 1404 id
424 1351 471 1405 est
481 1345 667 1421 florulentos,
676 1347 839 1423 pulchros.-
865 1349 897 1404 et
918 1350 965 1403 est
983 1365 1081 1404 sermo
1100 1345 1267 1408 Ennianus.
1310 1350 1375 1409 The
1389 1352 1448 1410 fol·

236 1443 352 1520 lowing
366 1442 465 1501 words
487 1461 538 1500 are
557 1442 657 1500 added
679 1442 713 1499 iu
735 1441 871 1499 Daniel’s
894 1438 1038 1499 Servius:
1064 1441 1183 1501 Probus
1205 1445 1249 1502 sic
1271 1445 1447 1504 adnotavit:

238 1535 457 1594 “Nectericum
469 1538 534 1592 erat
540 1533 647 1608 stocos,
657 1553 730 1609 ergo
742 1534 816 1592 bene
822 1533 924 1609 floron,
933 1552 1006 1590 nam
1017 1534 1157 1610 sequitur
1166 1535 1210 1592 Et
1222 1556 1320 1595 roseas
1330 1538 1449 1596 laniate

237 1649 335 1706 qenes.
376 1626 491 1686 Accius
503 1626 536 1682 iu
550 1625 765 1697 Bacchidibus,
779 1625 933 1701 ucetflori
947 1626 1042 1684 crines
1055 1626 1143 1684 videa
1155 1634 1191 1683 ct
1199 1631 1327 1704 propani
1339 1632 1447 1688 iaceat.

236 1718 275 1778 Iu
295 1720 411 1791 iisdem,
432 1718 476 1775 Et
497 1719 605 1794 laouqo
620 1718 702 1793 floro
720 1736 801 1774 auae
824 1718 943 1774 demam
963 1717 1085 1793 iuriqat.
1129 1717 1282 1778 Pacuvius
1303 1718 1447 1800 Antiopa,

239 1814 400 1875 Oeruicwm
410 1812 503 1885 flores
516 1812 684 1888 dispendiis
698 1810 825 1869 crines.”

279 1907 314 1965 P.
341 1904 407 1974 114,
423 1904 513 1981 frona
536 1923 592 1980 pro
607 1903 749 1980 frondic:
773 1902 837 1960 Ver
861 1901 928 1960 'ius
949 1901 1169 1977 Georgicorum
1193 1904 1245 1963 lib.
1269 1905 1311 1963 II.
1335 1909 1447 1983 “prae-

238 1997 328 2075 cipue
342 2016 412 2055 cum
421 1996 508 2054 frons
522 2000 627 2053 tenera
639 1994 877 2072 imprudensque
890 1995 1059 2053 laborum.'’
1094 1995 1194 2055 Varro
1208 1996 1245 2055 de
1259 1997 1305 2056 Re
1319 1997 1448 2057 Rustica

237 2095 289 2153 lib.
305 2093 340 2164 Ι.,
357 2092 467 2170 “quod
488 2089 564 2150 Cato
584 2091 636 2162 ait,
652 2090 767 2148 circum
788 2089 921 2147 fundum
942 2090 1040 2149 ulmos
1061 2094 1092 2149 et
1111 2092 1247 2169 populos,
1262 2093 1342 2151 unde
1362 2093 1447 2151 frons

237 2187 346 2246 ovibus
359 2190 391 2244 et
404 2185 504 2244 bubus
522 2184 580 2241 sit:
592 2182 609 2208 '¹
625 2202 658 2241 so
671 2202 700 2259 p.
715 2181 784 2252 486,
799 2181 930 2239 without
943 2180 994 2240 the
1009 2182 1146 2241 instance
1163 2182 1244 2242 from
1258 2184 1368 2243 Varro.
1395 2229 1400 2240 .

278 2277 411 2346 Servius,
427 2274 465 2334 G.
475 2275 502 2332 2.
514 2272 582 2345 372,
594 2275 684 2351 froas
696 2279 815 2331 tatere:
831 2273 954 2350 frondis
968 2278 1015 2331 est
1028 2294 1101 2333 vera
1113 2275 1205 2334 lectio
1219 2277 1388 2353 etantiqua
1402 2275 1444 2352 (Ρ)

237 2364 452 2446 Lucretius(1.
468 2362 532 2444 19),
554 2364 828 2441 “frondiferasque
849 2364 954 2422 domos
968 2366 1102 2424 avium.’'
1142 2366 1237 2444 Apud
1259 2369 1448 2445 antiquiores

237 2463 319 2521 enim
332 2459 496 2538 singularis
517 2457 724 2517 nominativus
738 2462 804 2517 erat
818 2459 960 2536 frondis:
982 2459 1072 2519 hodie
1085 2481 1157 2521 vero
1171 2466 1203 2520 et
1222 2480 1242 2519 a
1254 2463 1358 2539 fronte
1377 2466 1410 2520 et
1429 2482 1449 2521 a

231 2557 343 2636 fronde
361 2572 443 2612 uuus
461 2556 508 2611 est
525 2551 734 2611 nominatione
746 2554 845 2630 frons,
867 2551 949 2611 sicut
969 2554 1060 2612 etiam
1081 2556 1143 2613 lens
1155 2575 1174 2613 a
1188 2556 1264 2613 leuto
1277 2558 1309 2614 et
1322 2575 1340 2613 a
1353 2556 1447 2628 laede,

237 2646 348 2723 capitis
362 2645 500 2705 breviore
514 2643 664 2722 pediculo.

281 2736 361 2812 (The
375 2740 447 2794 note
460 2735 494 2793 in
510 2734 638 2795 Servius
651 2752 748 2793 seems
761 2739 895 2812 corrupt.
937 2735 1075 2796 Ribbeck
1091 2738 1195 2797 thinks
1207 2739 1330 2817 ,troadis
1342 2738 1448 2797 stands

238 2828 613 2985 follrl2di)iodulqitctc
632 2927 687 2985 pro
707 2906 908 2986 indulgentia.
953 2909 1082 2970 Sisenna
1099 2910 1307 2970 Historiarum
1320 2911 1371 2971 lib.
1386 2910 1446 2969 111.

240 2998 384 3058 “Bassus
396 2998 591 3069 adsiduitate,
606 2996 794 3073 indulgitatc
807 2999 938 3086 victus?

279 3090 491 3169 Philargyrius
514 3088 550 3149 G.
574 3090 602 3147 2.
626 3088 694 3159 345,
716 3093 748 3146 et
768 3110 848 3149 nove
870 3092 1063 3171 iodulqeatic
1083 3094 1171 3153 dixit.
1220 3095 1347 3153 Veteres
1365 3095 1448 3153 euim

238 3181 453 3259 iodulqitutem
466 3181 616 3254 dicebant,
627 3185 663 3238 ut
673 3179 794 3239 Caelius
807 3182 840 3240 in
850 3181 916 3241 VII
931 3188 949 3216 ‘²
957 3185 1179 3245 cousuetudine
1192 3187 1302 3257 uxoris,
1314 3185 1446 3263 indulgi-

239 3276 305 3331 tate
319 3274 476 3332 liberum.'’

281 3364 315 3422 P.
338 3366 404 3437 134,
423 3365 611 3435 latrocinari,
624 3364 757 3424 militare
776 3368 926 3428 mercede.
968 3368 1097 3428 Plautus
1118 3368 1326 3428 Cornicularia
1348 3367 1445 3447 “[qui

239 3452 323 3532 regi]
338 3456 539 3515 latrocinatus
552 3474 648 3513 annos
661 3455 765 3513 decem
781 3454 969 3537 [Demetrio]
982 3459 1121 3519 Mercede
1133 3461 1150 3486 ”
1173 3505 1179 3518 .
1202 3504 1209 3519 .
1232 3504 1238 3518 .
1260 3461 1292 3518 in
1306 3460 1445 3519 Tiberio:

239 3550 257 3579 “
269 3547 322 3623 qui
335 3548 418 3624 apud
432 3567 535 3624 regem
549 3547 583 3604 in
593 3546 751 3605 latrocinio
764 3547 860 3620 fuisti,
875 3553 1046 3610 mercedem
1059 3551 1277 3630 acceptitasti.”
1318 3551 1445 3627 Ennius,

240 3640 258 3669 ‘⁴
267 3638 468 3717 fortunasque
482 3658 552 3697 suas
566 3658 690 3716 coepere
703 3639 835 3700 latrones
849 3641 935 3702 Inter
947 3665 980 3704 se
993 3646 1189 3704 memorare.'’

281 3720 416 3804 Seruius,
433 3731 470 3789 A.
487 3732 534 3790 12.
552 3730 577 3802 7,
592 3733 719 3790 latronis
740 3775 747 3789 .
769 3775 777 3789 .
799 3777 806 3789 .
828 3734 918 3793 modo
932 3739 1088 3808 cenatoria,
1101 3744 1133 3796 et
1146 3742 1192 3797 cst
1205 3736 1446 3811 Graecum,uam

237 3822 385 3899 λατρεύειν
404 3823 511 3881 dicunt
537 3823 669 3899 obsequi.
695 3867 701 3879 .
724 3867 731 3880 .
754 3866 761 3880 .
783 3824 884 3883 Varro
906 3831 1007 3886 tamen
1035 3828 1111 3889 dicit
1138 3829 1195 3887 hoc
1221 3849 1332 3888 nomeu
1359 3848 1448 3907 posse

238 3914 350 3973 habere
383 3915 476 3973 etiam
510 3913 652 3972 Latinam
684 3913 910 3995 etymolo'giam,
939 3924 976 3977 ut
1010 3922 1140 3980 latrones
1167 3921 1242 3980 dicti
1269 3921 1332 3979 siut
1359 3921 1447 3997 quasi

239 4008 391 4082 toterooes,
418 4008 502 4085 quod
522 4008 603 4067 circa
622 4008 720 4068 latera
741 4029 850 4087 regum
870 4017 952 4070 suut.
976 4058 983 4070 .
1007 4058 1013 4072 .
1036 4013 1107 4074 Una
1128 4019 1232 4073 tamen
1251 4014 1446 4091 significatio,

239 4101 313 4160 licet
326 4101 359 4159 in
373 4101 493 4161 diversa
505 4102 697 4180 etymologia.
739 4101 868 4163 Plautus
888 4104 920 4162 iu
942 4107 1174 4185 Pyrgopolinice
1195 4113 1298 4185 aperte
1313 4105 1448 4165 ostendit

239 4193 314 4270 quid
348 4193 412 4252 sint
452 4195 589 4264 latrones,
624 4193 728 4251 dicens
759 4195 842 4253 “rex
878 4196 1023 4256 Seleucus
1057 4198 1142 4256 misit
1169 4197 1208 4256 ad
1235 4197 1447 4256 conducendos

239 4284 401 4356 latrones,’'
423 4282 476 4343 dc.

279 4374 465 4454 Comparing
478 4374 542 4434 this
554 4379 627 4434 note
640 4376 713 4434 with
727 4376 797 4436 that
809 4376 843 4436 in
857 4378 975 4451 Festus,
990 4401 1020 4459 p.
1035 4380 1104 4453 118,
1120 4382 1247 4439 latrones
1261 4400 1311 4437 eos
1325 4378 1446 4456 antiqui

238 4469 382 4531 dicebant
404 4471 458 4547 qui
480 4470 624 4530 conducti
650 4470 833 4542 militabant,
855 4471 912 4531 ἀπὸ
931 4474 981 4549 τῆς
1005 4471 1145 4550 λατρείας,
1165 4479 1199 4532 at
1220 4492 1302 4530 nunc
1326 4472 1447 4530 viarum
