3250 5059
206 465 298 532 THE
321 463 529 533 ANOIENT
552 464 928 533 COMMENTATORS
952 465 1017 533 ΟΝ
1039 466 1215 535 VIRGIL.
1259 469 1366 537 lxxvii

151 640 253 699 where
269 639 395 699 Servius
408 657 488 716 says,
499 637 598 714 plieclt
611 637 721 696 crescit
742 679 749 694 .
772 679 779 695 .
802 680 810 695 .
832 637 914 695 unde
934 641 965 695 et
985 636 1075 713 plicae
1089 638 1165 697 dicti
1185 644 1269 712 sunt,
1291 659 1367 717 quos

152 733 284 811 pingues
304 732 397 790 efficit
419 749 553 789 somnus.
603 729 642 787 In
665 729 803 788 Daniel’s
829 729 956 789 Servius
981 749 1033 788 are
1057 731 1159 790 added
1183 732 1237 790 the
1257 735 1367 805 words,

152 828 271 883 veteres
292 823 390 898 qliecit
410 822 600 880 incremento
622 820 705 898 ignis
726 822 883 898 ponebant
905 819 937 899 (Ρ
958 821 1182 902 imponebant),
1199 823 1276 882 bene
1295 842 1368 903 ergo

153 913 211 973 hoc
226 914 318 972 verbo
332 914 431 971 utitur
444 913 482 971 de
497 933 557 990 quo
571 911 615 970 ait
628 913 707 970 ultro
721 912 925 988 implocobclie
938 913 1033 970 ardet.

194 1005 229 1063 P.
244 1005 292 1077 23,
307 1005 476 1081 procacitas
497 1024 516 1062 a
535 1003 690 1082 procando
704 1004 753 1062 vel
767 1004 931 1081 poscendo,
947 1004 1029 1062 unde
1049 1009 1081 1063 ct
1098 1006 1188 1081 proci
1206 1006 1282 1066 dicti
1296 1013 1370 1066 sunt

153 1098 419 1158 matrimoniorum
432 1097 589 1175 petitores,
605 1095 659 1156 dre.

197 1189 331 1262 Servius,
345 1188 383 1248 A.
399 1190 427 1248 l.
444 1190 513 1261 536,
528 1188 707 1267 procacibus
724 1188 848 1260 austris,
869 1190 1143 1264 perseverantibus.
1196 1190 1238 1249 Et
1254 1208 1367 1267 procae

155 1282 277 1360 proprie
285 1286 377 1358 peloc
391 1285 445 1353 est,
455 1300 527 1338 nam
537 1299 660 1358 procare
673 1284 721 1337 est
729 1285 840 1354 petere,
855 1279 938 1337 unde
948 1285 979 1338 et
988 1281 1075 1355 proci
1090 1280 1247 1339 dicuntur.

197 1371 358 1450 (Verriusz
380 1371 505 1442 Paulus,
520 1392 571 1449 pp.
586 1371 653 1442 224,
670 1368 756 1447 249.)

197 1466 233 1523 P.
248 1466 297 1537 23,
316 1465 524 1524 Kalendarum
547 1464 730 1522 vocabulum
751 1462 911 1541 proprium
924 1464 1025 1522 Varro
1048 1464 1230 1542 complexus
1250 1471 1305 1540 est,
1322 1467 1370 1527 De

157 1556 233 1616 Vita
253 1556 329 1615 PR.
344 1557 396 1615 lib.
414 1555 440 1613 Ι.
455 1556 589 1631 “itaque
611 1553 762 1613 Kalendis
780 1554 975 1626 kalabantur,
991 1555 1024 1612 id
1048 1560 1096 1614 est
1119 1558 1316 1630 vocabantur,
1339 1564 1372 1616 et

156 1650 197 1709 ab
206 1669 242 1710 eo
255 1649 399 1708 lokndoe
411 1647 591 1726 appellatae,
603 1644 686 1723 quod
699 1651 747 1705 est
759 1651 895 1704 tractum
910 1646 1074 1718 aGraecis,
1085 1648 1139 1724 qui
1152 1650 1250 1707 καλεῖν
1263 1670 1371 1709 vocare

159 1743 336 1802 dixerunt.''

201 1835 336 1907 Servius,
355 1832 393 1891 A.
416 1833 444 1892 8.
459 1833 519 1891 654
537 1830 636 1908 (curia
656 1828 801 1910 Calabra)
825 1875 832 1890 .
856 1877 863 1889 .
888 1874 897 1889 .
922 1832 1005 1909 quod
1023 1853 1095 1892 oum
1114 1833 1251 1893 incertae
1268 1841 1371 1894 essent

160 1928 318 1989 Kalendae
332 1933 386 1987 aut
399 1927 482 1997 Idus,
494 1947 512 1985 a
526 1926 659 1984 Romulo
672 1926 878 1984 constitutum
892 1930 939 1983 est
952 1931 988 1983 ut
1001 1926 1045 1984 ibi
1061 1930 1163 2003 patres
1176 1925 1226 1984 vel
1240 1929 1371 2004 populus

159 2023 341 2094 calarentur,
355 2021 388 2079 id
406 2024 454 2079 est
468 2024 665 2089 vocarentur;
688 2022 724 2075 ut
744 2018 860 2077 scirent
879 2038 942 2095 qua
961 2017 1011 2078 die
1025 2017 1185 2076 Kalendae
1204 2026 1306 2078 essent
1322 2022 1371 2080 vel

161 2115 253 2173 etiam
268 2114 354 2173 Idus.

202 2208 237 2265 P.
252 2207 300 2278 25,
315 2205 470 2264 seditionis
486 2202 657 2283 proprietas
676 2222 695 2261 a
714 2202 758 2260 M.
773 2202 875 2261 Tullio
894 2201 1094 2261 manifestata
1113 2206 1160 2261 est
1180 2202 1213 2260 in
1232 2203 1311 2264 libro
1334 2206 1372 2264 de
1484 2217 1487 2222 ’

162 2300 332 2378 Republica
349 2298 418 2371 VL,
434 2299 557 2375 “eaque
580 2296 729 2356 dissensio
753 2296 867 2355 civium
893 2296 977 2373 quod
999 2316 1139 2355 seorsum
1161 2302 1236 2355 eunt
1257 2295 1311 2356 alii
1332 2299 1372 2357 ad

162 2394 246 2466 alios,
258 2393 367 2452 seditio
382 2391 522 2451 dicitnr.”
566 2389 652 2449 Serv.
667 2390 705 2448 A.
722 2391 750 2449 l.
765 2390 824 2449 149
840 2387 950 2470 (Dan.)
964 2391 1020 2450 has
1033 2392 1086 2449 the
1098 2410 1181 2449 same
1195 2392 1296 2450 words
1309 2393 1372 2451 and

162 2484 216 2543 the
229 2504 312 2544 sams
325 2485 475 2543 instance.

204 2576 238 2634 P.
270 2576 318 2648 28,
343 2577 473 2653 sulpura
504 2572 653 2631 dicuntur
679 2573 916 2644 coruscationes,
944 2593 963 2632 a
992 2573 1126 2651 fulgore.
1181 2572 1283 2632 Varro
1310 2573 1375 2650 περὶ

163 2672 297 2746 κεραυνοῦ
311 2669 476 2747 “cognitio
497 2666 580 2728 enim
596 2666 703 2737 trium,
718 2664 885 2742 fulgetrae,
900 2665 1044 2740 tonitrus,
1066 2672 1098 2725 et
1117 2666 1263 2743 fulguris,
1277 2687 1297 2725 a
1313 2668 1375 2725 ful·

164 2762 247 2821 mine
261 2763 358 2822 orta.’'

205 2854 339 2926 Servius,
353 2853 392 2913 A.
407 2853 435 2913 8.
449 2853 520 2926 431,
532 2854 669 2932 felgeres
690 2897 696 2909 .
717 2896 725 2910 .
750 2892 757 2907 .
779 2870 857 2928 quas
879 2852 1029 2930 frelpetroc
1052 2852 1176 2911 dicunt:
1198 2871 1232 2910 so
1256 2852 1284 2911 8.
1307 2855 1374 2927 524,

158 2950 272 3028 sulpur,
286 2949 319 3007 id
333 2954 381 3007 est
388 2950 535 3027 fulgetra.

205 3041 239 3098 P.
262 3041 310 3111 29,
332 3042 425 3098 calcea
445 3059 463 3098 a
486 3036 641 3108 calcando,
665 3035 747 3114 quod
774 3040 821 3094 est
842 3036 1025 3112 proterendo,
1049 3055 1111 3094 non
1131 3055 1150 3094 a
1170 3036 1374 3097 calcitrando:

164 3152 236 3192 nam
250 3133 288 3192 de
301 3132 442 3191 omnibus
455 3131 586 3210 pedibus
599 3134 630 3187 et
647 3128 685 3187 de
707 3128 868 3187 hominum
888 3133 921 3186 et
941 3128 1157 3187 universorum
1171 3128 1376 3188 animantium

166 3224 228 3283 dici
244 3229 354 3302 potest.
402 3222 484 3281 Nam
502 3226 575 3280 sunt
597 3220 696 3278 calces
718 3223 857 3278 extrema
878 3239 950 3297 pars
971 3220 1085 3298 pedum
1109 3223 1207 3277 terrac
1228 3221 1375 3297 proxima.

165 3316 323 3393 Vergilius
336 3316 388 3375 lib.
403 3315 443 3372 V.
456 3318 474 3346 “
483 3333 552 3372 ecce
565 3313 656 3383 volat,
672 3312 845 3389 calcemque
859 3313 933 3369 terit
946 3312 1007 3370 iam
1021 3313 1104 3370 calce
1117 3310 1258 3370 Diores.’'
1292 3312 1375 3373 Here

166 3407 211 3488 (5.
226 3411 300 3485 324)
320 3408 445 3469 Servius
458 3427 528 3485 says
541 3408 649 3465 calcem
662 3404 794 3463 dicimus
807 3404 890 3463 unde
903 3410 1015 3462 terram
1030 3406 1187 3462 caleamus.

207 3500 243 3558 P.
257 3501 305 3571 30,
325 3506 408 3557 actes
427 3503 502 3558 sunt
519 3496 734 3574 quadraturae,
757 3495 840 3553 unde
858 3498 891 3553 et
908 3500 998 3552 outae
1022 3492 1123 3551 dictae
1145 3498 1220 3551 sunt
1242 3496 1377 3571 quadrae

166 3596 335 3653 columnae.
369 3592 526 3670 Vergilius
537 3588 760 3666 Georgicorum
769 3587 822 3646 lib.
833 3587 876 3644 11.
889 3587 978 3645 “iam
991 3586 1075 3645 canit
1084 3585 1212 3645 effectos
1223 3593 1377 3646 extremus

168 3683 415 3746 vinitor'antes.''

212 3777 298 3836 Serv.
314 3774 352 3835 (l.
367 3776 395 3834 2.
409 3772 477 3845 417,
492 3778 576 3831 uetes
589 3771 642 3829 alii
656 3776 807 3830 extremos
825 3769 984 3828 vinearum
1004 3768 1127 3826 ordines
1144 3768 1310 3846 accipiunt,
1325 3769 1379 3827 alii

169 3868 316 3926 macerias
336 3866 446 3943 quibus
464 3865 570 3922 vineta
589 3861 793 3921 clauduntur:
818 3902 848 3919 ..
864 3903 872 3919 .
893 3860 1041 3918 dicuntur
1054 3864 1159 3918 autem
1174 3865 1255 3916 ocae
1267 3880 1286 3917 a
1302 3860 1377 3937 lapi·

168 3959 261 4019 dibus
278 3956 539 4027 eminentioribus,
554 3954 609 4032 qui
626 3954 867 4030 interponuntur
886 3950 927 4010 ad
946 3951 1107 4009 maceriam
1127 3951 1377 4009 sustentandam:

169 4071 242 4110 nam
261 4050 383 4128 proprie
402 4053 484 4106 unae
503 4052 576 4107 sunt
595 4046 764 4105 eminentes
785 4043 910 4121 lapides,
926 4043 973 4101 rel
992 4043 1151 4101 columnae
1164 4043 1298 4112 ultimae,
1313 4042 1380 4118 qui·

170 4145 228 4202 bus
241 4143 358 4203 fabrica
370 4141 548 4200 sustinetur.
591 4139 632 4196 Et
650 4138 848 4216 appellantur
867 4142 951 4194 ucles
971 4134 1028 4193 ἀπὸ
1048 4136 1099 4192 τοῦ
1117 4133 1325 4208 decemuiros,
1341 4134 1381 4191 ad

171 4255 264 4312 quam
278 4234 495 4312 etymologiam
504 4232 598 4291 etiam
612 4235 763 4290 extremos
773 4228 897 4287 ordines
909 4228 1069 4286 vinearum
1084 4244 1249 4303 possumus
1261 4225 1381 4283 trahere

172 4329 226 4405 qui
241 4326 329 4405 (quia
341 4323 371 4400 l)
386 4329 563 4385 antestant.

214 4418 426 4497 Philargyrius
447 4417 506 4475 ib..·
535 4421 638 4474 aretae:
665 4412 742 4472 Cato
762 4411 800 4470 de
822 4411 869 4470 Re
900 4411 1037 4480 militari,
1062 4410 1209 4487 “pedites
1236 4413 1383 4486 quattuor

172 4511 356 4587 agminibus,
380 4506 499 4585 equites
525 4507 644 4565 duobus
672 4504 795 4562 antibus
824 4503 947 4561 ducas.'’
1004 4501 1086 4561 Sunt
1107 4505 1209 4558 autem
1230 4505 1383 4557 extremae

175 4604 360 4680 quadrarum
373 4606 485 4680 partes.
