3250 5059
223 427 317 495 THE
338 424 548 495 ANOIENT
571 424 949 494 COMMENTATORS
973 424 1037 492 ΟΝ
1059 424 1233 493 VIRGIL.
1269 425 1386 493 lxxxix

209 600 345 674 Servius,
360 599 399 659 A.
414 599 443 659 6.
457 600 525 671 545,
541 599 666 677 explebo
687 604 735 658 est
750 600 896 658 mintium.
937 599 1020 657 Nam
1033 599 1209 659 aitEnnins
1224 601 1385 659 “navibas

165 697 331 773 explebant
352 714 425 766 sese,
447 699 604 771 terrasque
628 693 819 771 replebant.''
861 692 961 767 Quam
986 692 1086 771 Caper
1108 699 1233 753 secutus
1253 714 1325 753 cum
1346 694 1385 752 de

166 786 392 865 praepositione
419 806 454 844 ea
474 790 629 856 tractaret,
647 785 705 843 hoc
727 785 902 861 exemplum
923 786 1038 863 posuit.
1082 785 1146 844 Did
1168 786 1289 845 Nonius
1310 786 1386 844 then

168 880 243 938 talre
257 879 304 937 his
318 878 455 956 example
469 878 550 937 from
565 877 673 956 Caper,
689 898 723 937 or
736 878 819 937 from
832 897 917 937 some
930 879 1016 937 older
1029 876 1160 939 source?

212 973 248 1033 P.
264 971 331 1044 307,
341 973 485 1050 fatiscere
498 977 545 1030 est
557 970 682 1049 aperiri.

213 1065 348 1134 Servius,
369 1063 407 1122 A.
431 1064 459 1122 1.
483 1064 550 1136 123,
569 1065 730 1142 fatiscant,
754 1065 949 1123 abundanter
970 1063 1169 1142 aperiuntur;
1184 1066 1281 1141 satim
1303 1064 1385 1124 euim

169 1158 358 1217 abundanter
371 1155 502 1216 dicimus
517 1154 611 1234 (unde
625 1152 825 1235 arnasano),
842 1156 951 1214 hirom
964 1162 1066 1214 autem
1081 1156 1205 1232 aperiri.

212 1250 249 1308 P.
271 1248 338 1321 307,
351 1249 440 1326 ferar
452 1249 565 1306 iterum
578 1266 685 1325 equas.
723 1247 883 1324 Vergilius
895 1246 1049 1307 Aeneidos
1065 1248 1118 1307 lib.
1132 1246 1174 1305 Π.
1190 1248 1310 1324 “inque
1327 1247 1386 1306 feri

170 1339 298 1401 curvam
325 1340 523 1417 compagibus
549 1341 653 1399 alvum
677 1339 864 1399 Contorsit.”
920 1338 1033 1399 Accius
1056 1338 1176 1413 Medea,
1203 1341 1327 1419 “perite
1353 1341 1387 1398 in

170 1431 300 1491 stabulis
325 1432 429 1491 frenos
455 1431 624 1491 immittens
651 1430 756 1490 ieris.”
804 1433 899 1490 Feror
925 1433 1039 1491 iterum
1072 1431 1227 1508 significat
1257 1452 1386 1491 aaran

171 1525 329 1602 Vergilius
343 1525 394 1584 lib.
408 1525 483 1584 VII.
496 1526 723 1602 “pectebatque
737 1525 848 1595 terum,
861 1545 999 1603 puroque
1012 1526 1046 1584 in
1058 1526 1146 1586 fonte
1160 1527 1312 1585 lavabat.”

212 1616 277 1674 The
290 1616 416 1675 Verona
425 1616 540 1674 scholia
552 1636 593 1674 on
605 1615 644 1673 A.
657 1613 684 1673 7.
693 1617 752 1674 489
766 1620 861 1693 quote
869 1636 889 1674 a
898 1623 970 1676 note
980 1618 1013 1677 of
1027 1617 1137 1677 Velius
1147 1617 1273 1696 Longus
1284 1617 1386 1677 which

170 1706 308 1787 (though
332 1709 383 1767 the
405 1713 472 1766 text
492 1707 520 1766 is
542 1727 613 1766 now
634 1708 813 1784 mutilated)
830 1710 857 1767 it
870 1709 896 1767 is
913 1709 1037 1768 evident
1058 1715 1143 1768 must
1161 1710 1240 1769 have
1254 1712 1348 1769 borne
1367 1728 1387 1768 a

172 1805 296 1881 general
318 1805 523 1864 resemblance
543 1810 577 1863 to
600 1805 668 1863 that
691 1805 724 1863 oi
747 1805 877 1879 Nonius,
891 1805 1024 1883 quoting
1042 1824 1077 1864 as
1098 1805 1125 1863 it
1145 1807 1217 1865 does
1241 1805 1280 1863 A.
1295 1805 1323 1863 2.
1346 1804 1384 1864 51

173 1899 192 1927 “
201 1897 295 1973 inque
308 1896 366 1955 feri
379 1896 533 1966 curvsm‚’'
548 1895 602 1955 dre.

214 1989 249 2046 P.
268 1989 336 2060 311,
349 1990 450 2067 fetam
467 1988 620 2064 significat
638 1989 773 2065 plenam.
824 1989 984 2068 Vergilius
1005 1990 1156 2049 Aeneidos
1175 1989 1227 2049 lib.
1248 1989 1273 2047 I.
1293 1990 1386 2047 “loca

171 2082 239 2142 feta
274 2083 450 2141 furentibus
480 2082 620 2141 austris.”
686 2082 729 2140 Et
758 2082 811 2142 lib.
845 2082 888 2142 II.
927 2083 1074 2142 “scandit
1106 2083 1209 2141 fatalis
1243 2082 1386 2140 machina

171 2195 285 2246 muros,
300 2176 376 2234 Feta
395 2174 518 2234 armis.''
566 2174 666 2235 Varro
679 2174 766 2255 γνῶθι
776 2174 899 2234 σεαυτόν
919 2219 927 2235 .
949 2219 957 2234 .
980 2220 988 2234 .
1008 2177 1122 2247 Petam,
1138 2195 1227 2234 onere
1239 2174 1383 2232 levatum.

173 2269 335 2346 Vergilius
354 2270 406 2328 lib.
423 2268 515 2328 VIII.
533 2269 677 2328 “fecerat
696 2275 728 2328 et
747 2269 840 2328 viridi
860 2269 958 2328 fetam
978 2268 1129 2328 Mavortis
1147 2268 1180 2325 in
1199 2272 1290 2325 antro
1310 2266 1384 2326 Pro·

173 2363 317 2422 cubuisse
344 2362 479 2440 lupamss'
529 2362 571 2420 Et
599 2361 822 2439 Georgicorum
841 2363 895 2421 lib.
917 2361 976 2420 III.
998 2366 1083 2421 “nee
1109 2361 1169 2419 tibi
1195 2360 1277 2419 fetae
1297 2359 1384 2418 More

173 2460 297 2532 patrum
311 2456 401 2514 nivea
413 2455 588 2533 implebunt
600 2456 753 2534 mulgaria
765 2456 905 2515 vaccac.'’

217 2545 352 2617 Servius,
367 2544 406 2603 A.
422 2546 449 2604 1.
461 2547 508 2617 51,
518 2547 583 2605 loca
590 2547 668 2624 feta,
679 2566 759 2605 nunc
769 2548 873 2622 pterea,
883 2545 986 2604 utalia
1000 2545 1067 2604 loco
1074 2546 1144 2622 feto
1155 2544 1257 2602 armis.
1281 2543 1384 2603 Scien-

174 2637 249 2694 dum
261 2641 422 2696 estautem
429 2639 530 2716 fetant
539 2638 601 2697 diei
615 2643 646 2697 et
654 2640 812 2716 providam
826 2643 858 2697 et
866 2645 962 2715 parta
976 2639 1142 2708 liberatam,
1153 2642 1190 2695 nt
1204 2637 1342 2695 “tecerab
1351 2641 1384 2695 et

173 2728 267 2786 viridi
280 2728 377 2788 fetam
391 2728 540 2789 Mavortis
553 2730 586 2787 in
599 2735 687 2789 antro
702 2730 905 2789 Procubuisse
919 2730 1054 2807 lupam,”
1069 2729 1124 2789 dac.

216 2820 251 2878 P.
270 2819 338 2893 317,
358 2822 472 2894 hobae,
491 2823 567 2880 satis
586 2842 651 2881 esse
666 2821 791 2900 (captus
806 2820 895 2881 esse?
939 2821 1106 2896 Quicherat
1125 2822 1202 2899 conj.
1211 2821 1381 2900 fatiscere).

174 2913 333 2990 Vergilius
346 2914 397 2972 lib.
408 2913 483 2971 XII.
500 2915 579 2974 “boo
593 2915 694 2986 habet,
709 2914 783 2973 haec
797 2915 904 2973 melior
916 2913 1037 2992 magnis
1050 2914 1122 2973 data
1134 2914 1261 2974 victima
1273 2914 1382 2974 dlvis.‘’

176 3004 337 3065 Terentius
351 3004 469 3064 Andria
483 3009 501 3037 “
511 3010 593 3064 certo
606 3011 715 3084 captus
728 3011 782 3077 est,
798 3006 919 3066 habet.’'

216 3096 348 3171 Servius,
364 3117 404 3155 on
418 3096 457 3155 A.
472 3098 520 3156 12.
535 3098 603 3170 296,
617 3100 670 3157 toa
684 3099 778 3169 tabet,
794 3098 826 3158 id
840 3105 895 3171 est,
909 3099 994 3158 letali
1007 3117 1168 3176 percussus
1185 3103 1233 3157 est
1248 3099 1381 3158 vulnere.

175 3190 347 3265 Terentius,
363 3193 381 3222 “
391 3197 472 3251 certe
490 3198 599 3269 captus
613 3197 667 3264 est,
682 3193 804 3252 habet.''

215 3282 344 3356 Nonius,
360 3303 389 3360 p.
405 3283 472 3355 319,
487 3285 543 3342 bas
555 3303 575 3342 a
587 3284 662 3361 long
674 3291 746 3344 note
759 3305 800 3343 on
813 3284 866 3343 tbe
880 3285 1002 3344 various
1014 3284 1174 3362 meaniugs
1193 3284 1226 3342 oi
1248 3284 1380 3342 bannire.

175 3374 311 3433 Hancine
323 3374 476 3451 significat
490 3375 647 3434 cabannire
661 3376 709 3435 vel
722 3377 867 3452 implere.
884 3420 891 3432 .
907 3420 914 3432 .
929 3397 1145 3435 consarcinare
1162 3420 1169 3434 .
1187 3420 1195 3436 .
1216 3376 1383 3454 defatipare

177 3509 184 3522 .
207 3508 214 3523 .
234 3507 244 3522 .
265 3465 418 3541 confodere
445 3507 453 3521 .
476 3508 513 3522 ..
541 3466 675 3542 accipere
705 3509 712 3523 .
735 3510 741 3523 .
765 3510 772 3523 .
801 3472 906 3523 tenere.
971 3465 1032 3523 For
1052 3465 1105 3524 the
1129 3465 1270 3524 senseat
1292 3483 1382 3523 avare

176 3576 290 3614 nonore
308 3556 346 3614 he
367 3561 474 3632 quotes
494 3556 583 3634 Virg.
601 3555 637 3615 A
661 3558 688 3615 I.
711 3557 776 3630 738,
801 3561 820 3587 ‘⁶
832 3558 883 3615 ille
903 3557 1035 3635 impiger
1056 3557 1159 3616 hausit
1179 3557 1382 3635 Spumantem

153 3674 160 3684 ·
176 3645 344 3723 pateram,”
355 3646 406 3705 ior
418 3647 487 3707 that
500 3647 534 3705 oi
548 3649 711 3725 confodere,
721 3648 757 3706 A.
768 3649 816 3708 10.
826 3649 894 3720 314,
911 3651 929 3677 “
940 3649 1022 3706 latus
1032 3648 1136 3706 haurit
1148 3648 1318 3725 apertam,”
1332 3647 1383 3706 for

175 3738 246 3797 that
259 3739 293 3797 oi
305 3740 440 3815 accipere
453 3740 502 3797 vel
515 3741 630 3811 andire,
643 3740 681 3798 A.
697 3741 751 3799 12:
761 3742 808 3813 25,
826 3741 928 3799 “haec
947 3741 1050 3799 animo
1061 3739 1178 3810 bauri,”
1200 3740 1261 3798 and
1275 3741 1303 3798 4.
1314 3738 1381 3811 359,

178 3835 198 3861 “
208 3851 374 3908 vocemque
387 3831 435 3889 his
444 3832 573 3890 auribus
586 3833 706 3891 hausi.''

218 3922 324 4000 Comp.
342 3922 427 3982 Serv.
438 3920 477 3980 A.
494 3924 520 3982 l.
535 3921 600 3995 738,
616 3925 717 3983 boant
726 3925 815 3983 modo
829 3926 951 4001 aocepnt,
964 3945 1020 3984 nec
1031 3943 1193 4003 possumus
1205 3923 1383 3999 intellegere

178 4015 348 4086 bibitam
367 4014 425 4072 hoc
439 4019 593 4090 sequatur,
610 4019 627 4045 ‘⁶
639 4022 670 4074 et
685 4016 776 4092 pleno
799 4035 832 4074 sc
854 4017 969 4092 proluit
986 4016 1090 4074 auro.”
1139 4014 1225 4073 Alibi
1242 4015 1329 4086 vidit,
1348 4017 1384 4072 ut

177 4109 196 4136 ‘⁶
207 4105 310 4164 hausit
323 4106 441 4164 eaelum
460 4111 653 4184 mentemque
671 4108 838 4184 receptat‚’'
851 4108 926 4167 alibi
939 4109 1064 4178 audivit,
1080 4113 1116 4165 ut
1130 4111 1148 4138 “
1157 4126 1322 4182 vocemque
1336 4107 1385 4165 his

177 4197 303 4256 auribus
324 4197 440 4268 hausi,”
462 4198 535 4256 alibi
547 4200 693 4270 nutrierat,
714 4204 751 4256 ut
770 4199 881 4257 “latus
895 4199 998 4257 haurit
1012 4198 1183 4277 apertum.”
1224 4197 1267 4255 Et
1287 4198 1385 4257 multa

176 4289 238 4347 alia
247 4308 302 4365 pro
310 4289 377 4347 loco
386 4289 551 4367 significat.
592 4288 642 4349 On
652 4289 690 4348 A.
700 4289 729 4348 4.
740 4290 806 4362 359,
819 4290 904 4349 Serv.
914 4286 1027 4369 (Dan.)
1037 4309 1116 4368 says,
1128 4289 1321 4348 tauritanim
1329 4309 1385 4365 pro

171 4381 307 4459 percipit
316 4381 469 4458 ponebant
476 4386 602 4453 veteres,
613 4385 645 4439 et
654 4380 722 4440 ideo
731 4401 792 4457 qua
801 4381 996 4458 potissimum
1004 4385 1092 4458 parte
1099 4399 1206 4439 sensus
1215 4380 1386 4457 percipiant

176 4472 361 4550 adiungunt,
389 4477 427 4531 ut
454 4472 573 4531 “simul
597 4473 655 4532 hoc
681 4472 784 4532 anirno
808 4472 927 4544 hanri,”
949 4477 981 4531 et
1008 4471 1159 4531 “hauriat
1182 4471 1263 4529 huno
1290 4471 1385 4529 oculis
