3250 5059
681 406 745 473 ΟΝ
769 407 863 473 THE
885 405 1039 472 LATER

481 582 552 634 Dum
562 580 653 647 tepida
662 580 783 645 indulget
793 579 871 632 torris
880 579 1015 630 clementia
1025 576 1124 629 mundi

480 660 578 710 Verum
589 659 636 709 ubi
647 658 761 709 (loru-ino
771 658 924 722 perstrinxit
935 657 1028 720 frigore
1039 672 1135 721 vesper,

481 735 525 785 Ira
536 735 609 792 iacet,
620 733 749 798 turbaque
760 735 851 796 putens
863 732 978 796 operitur
988 732 1074 781 inerti.

480 811 557 861 Illius
567 814 594 860 et
604 809 722 860 manibus
735 810 797 860 viris
807 810 844 859 sit
854 825 915 859 cura
925 809 1027 858 futuras

481 888 655 950 Perpennam:
674 886 737 936 levis
750 885 859 936 deducet
870 886 983 949 pondere
994 885 1094 935 fratres.

480 963 536 1013 Nec
546 978 588 1012 me
596 961 766 1027 pignoribus,¹
778 977 826 1012 nec
836 966 862 1012 te
873 977 931 1012 mea
940 962 1056 1011 earmina
1067 961 1166 1011 fallent

481 1040 603 1091 Protinus
614 1043 640 1090 et
651 1039 739 1089 cultus
749 1037 815 1089 alios
826 1043 853 1089 et
865 1038 953 1088 debita
964 1039 1031 1089 fetae

482 1115 667 1166 Blandimenta
677 1115 751 1175 feres,
762 1130 875 1180 curaque
886 1130 993 1180 sequere
1005 1117 1159 1166 merentem:

482 1193 652 1258 Illaperinde
663 1208 721 1243 suos
732 1197 763 1243 ut
774 1193 824 1243 erit
835 1194 937 1244 delecta
947 1194 1077 1253 minores‚²
1222 1253 1224 1256 v

481 1274 522 1320 Ao
532 1269 637 1334 longam
648 1269 791 1334 praestabit
801 1285 884 1332 opem.
917 1270 986 1318 Tum
997 1268 1116 1335 denique,
1128 1270 1196 1321 letae

482 1348 548 1399 Oum
559 1348 655 1398 desunt
665 1348 744 1411 operi,
756 1348 887 1412 fregitque
898 1347 1028 1397 industria
1038 1350 1141 1408 matres,

483 1426 610 1477 Transeat
620 1426 649 1475 in
659 1425 759 1476 catulus
769 1425 853 1474 omnis
864 1424 947 1474 tutele
957 1424 1066 1474 relictos.

483 1503 564 1554 Lacte
574 1517 667 1552 uorem
678 1500 774 1565 pubem
785 1501 907 1565 facilique
917 1500 1021 1551 tuebere
1032 1516 1112 1562 maza,

483 1579 538 1630 Neo
547 1580 627 1629 luxus
637 1580 703 1630 alios
714 1579 859 1644 aridaeque
870 1579 1001 1643 impendia
1011 1581 1082 1630 vitae

483 1656 612 1707 Noscant:
628 1656 694 1707 haec
704 1672 798 1721 magno
809 1656 877 1706 redit
891 1656 1056 1722 indulgentia
1067 1659 1172 1709 damno:

482 1732 539 1784 Nec
549 1734 642 1783 mirum
652 1750 659 1781 r
674 1733 802 1782 humanos
813 1748 865 1783 non
876 1734 932 1783 est¹
943 1734 1027 1797 magis
1037 1735 1120 1786 altera
1130 1751 1221 1787 sensus
1231 1753 1237 1783 :

484 1811 566 1862 Tollit
576 1827 604 1862 se
615 1813 690 1872 ratio,
702 1815 729 1861 et
741 1812 813 1862 vitiis
823 1811 979 1863 adeuntibus
989 1812 1082 1864 obstat

484 1888 558 1939 Haeo
568 1888 615 1938 illa
625 1891 674 1951 est,
685 1888 794 1939 Pharios
804 1903 872 1953 quae
882 1889 961 1952 fregit
972 1889 1050 1940 noxia
1060 1905 1141 1954 rages,

485 1965 556 2015 Dum
567 1968 669 2015 servata
678 1965 750 2015 caris
760 1968 853 2029 potant
865 1965 1007 2016 Mareotica
1018 1967 1134 2031 gemmis,

484 2041 703 2106 Nardiferumque
715 2045 818 2092 metunt
829 2041 956 2105 Gangem,
967 2044 1091 2109 vitiisque
1102 2044 1259 2096 ministrant

486 2118 530 2168 Sie
540 2119 567 2168 et
578 2117 752 2168 Achaemenio
762 2117 889 2180 cecidisti,
901 2118 994 2182 Lydia,
1005 2119 1088 2184 Cyro:

485 2194 569 2257 Atqui
581 2192 653 2243 diras
664 2207 726 2251 eras,
738 2192 887 2243 fluvialibus
898 2209 976 2243 aurea
986 2195 1065 2244 venis.

486 2268 600 2327 Scilicet,
611 2269 645 2318 ad
656 2282 782 2317 summam
792 2283 826 2318 ne
837 2268 902 2333 quid
912 2272 1020 2319 restaret
1031 2268 1187 2330 babendum,

487 2345 530 2395 Tu
541 2360 652 2411 quoque,
663 2344 782 2395 luxuriae
793 2344 869 2395 fictas
884 2344 947 2395 dum
958 2346 1058 2410 colligis
1069 2347 1142 2408 artis,

486 2421 523 2472 Et
532 2422 649 2487 sequeris
661 2420 766 2472 demens
777 2421 897 2484 abenam,
909 2420 1026 2482 Graecia,
1036 2422 1148 2486 culpam,

488 2499 511 2550 0
522 2502 650 2566 quantum
661 2503 688 2549 et
698 2500 819 2566 quotiens
830 2499 929 2550 decoris
942 2501 1064 2550 frustrata
1074 2502 1191 2565 paternii

487 2575 526 2626 At
536 2576 622 2640 qualis
632 2576 736 2636 nostris,
747 2591 826 2640 quam
838 2575 949 2639 simplex
959 2591 1054 2636 mensa,
1066 2577 1184 2628 Camillis
1194 2580 1200 2630 Ι

489 2652 542 2711 Qui
553 2653 604 2703 tibi
614 2654 701 2703 cultus
712 2656 768 2704 erut
778 2657 837 2717 post
848 2657 894 2714 tot,
907 2653 1023 2716 Serrane,
1034 2656 1192 2719 triumphosl

490 2728 560 2792 Ergo
571 2728 614 2778 illi
624 2743 657 2778 ex
668 2727 759 2778 habitu
769 2728 927 2794 virtutisque
937 2728 1025 2780 indole
1035 2732 1134 2794 priscae

488 2803 636 2867 Imposuere
646 2804 701 2854 orbi
711 2805 821 2854 Romam
830 2808 917 2869 caput,
928 2809 1037 2870 actaque
1047 2807 1081 2858 ab
1091 2808 1146 2857 illis

487 2882 532 2933 Ad
543 2882 644 2933 caelum
655 2884 737 2933 virtus
747 2898 911 2950 summosque
922 2886 1032 2937 tetendit
1042 2887 1157 2939 honores.

489 2959 596 3009 Scilicet
607 2961 711 3023 exiguis
721 2975 816 3024 magna
827 2960 876 3010 sub
888 2963 1000 3025 imagine
1010 2962 1087 3015 rebus

490 3037 642 3101 Prospicies,
653 3051 720 3100 quae
731 3037 766 3086 sit
776 3037 843 3087 ratio
853 3040 880 3087 et
890 3053 942 3104 quo
953 3038 1005 3089 flue
1016 3039 1150 3105 regenda.”

305 3193 370 3252 The
385 3191 561 3268 Oyucgeticu
574 3189 606 3249 of
626 3189 827 3248 Nemesianus
847 3210 918 3268 may
936 3191 974 3250 be
994 3193 1207 3271 conveniently
1222 3196 1341 3255 treated
1353 3197 1385 3254 in
1399 3217 1469 3255 con·

265 3285 379 3344 nexion
394 3283 468 3341 with
483 3281 620 3341 Gratins’
634 3301 732 3359 poem,
747 3281 866 3359 though
880 3282 934 3341 the
946 3284 1076 3343 interval
1090 3285 1123 3343 oi
1143 3286 1220 3346 time
1239 3288 1372 3347 between
1386 3290 1472 3348 their

267 3378 434 3456 respective
448 3377 534 3435 detes
548 3374 575 3433 ie
589 3375 803 3434 considerable
847 3374 912 3432 The
931 3396 1070 3455 younger
1088 3383 1162 3455 poet
1181 3385 1273 3452 must,
1289 3381 1305 3438 I
1318 3382 1418 3454 think,
1433 3383 1471 3442 be

300 3543 309 3573 ¹
326 3541 354 3592 Ii
366 3540 412 3591 the
421 3542 479 3590 text
489 3538 513 3589 is
523 3537 604 3602 right,
615 3538 630 3565 “
639 3535 790 3601 pignoribus
798 3536 812 3560 ”
824 3541 894 3586 must
903 3536 970 3587 have
980 3537 1027 3589 the
1038 3554 1113 3591 senes
1120 3540 1150 3590 oi
1157 3541 1309 3593 “tudinis’'
1332 3546 1404 3596 ‘Yon
1416 3546 1472 3597 will

267 3620 313 3669 not
323 3617 378 3667 flud
389 3616 433 3667 the
443 3615 533 3667 tokens
545 3613 693 3664 mentioned
704 3614 731 3662 in
742 3629 787 3677 my
797 3628 872 3677 poem
883 3613 1007 3675 delusive,
1018 3631 1070 3679 any
1081 3632 1149 3669 more
1159 3619 1224 3670 than
1235 3621 1250 3670 1
1261 3621 1310 3671 do!
1342 3622 1397 3673 But
1407 3624 1474 3674 Bur-

268 3709 346 3745 mann
356 3693 379 3743 is
390 3691 512 3757 probably
522 3690 596 3755 right
604 3691 631 3740 in
642 3689 751 3753 reading
759 3693 774 3718 “
781 3690 855 3740 Haec
866 3690 900 3740 de
910 3691 1063 3755 pignoribus
1071 3695 1131 3756 (nee
1138 3700 1163 3745 te
1171 3711 1227 3746 mea
1235 3697 1348 3749 carmina
1356 3699 1474 3764 fallent):

269 3770 413 3834 Protinus,”
425 3771 477 3830 dtu,
487 3770 533 3820 the
544 3784 631 3834 young
643 3770 658 3796 “
665 3769 774 3832 pignora
781 3768 796 3793 '’
807 3767 886 3832 being
897 3768 1089 3834 distinguished
1099 3773 1163 3823 irem
1175 3774 1219 3825 ihc
1229 3777 1337 3827 mother.

301 3849 313 3882 ²
327 3848 378 3898 For
389 3847 461 3897 these
472 3845 563 3908 words,
574 3845 660 3896 which
670 3845 699 3894 oi
712 3860 800 3895 course
810 3845 870 3908 give
886 3860 919 3895 no
937 3861 1016 3908 sense,
1027 3848 1150 3910 Johnson,
1167 3866 1201 3901 an
1219 3852 1332 3916 English
1349 3855 1432 3906 aditor
1448 3856 1478 3906 of

270 3924 375 3976 Gratius
392 3922 444 3973 aud
465 3921 635 3973 Nemesianus
651 3920 781 3985 (London‚
799 3923 884 3985 1699),
903 3922 1066 3988 ingeniously
1091 3931 1210 3991 suggests
1232 3935 1303 3981 “suo
1321 3933 1428 3994 nutrit,”
1447 3949 1476 3984 or

269 4007 285 4033 ‘¹
292 4001 415 4063 saturat,”
425 4002 441 4028 ‘⁴
450 3999 483 4050 de
494 3999 559 4050 laete
570 3998 704 4049 minores.'’
728 3999 888 4060 Lachmann,
895 3999 980 4051 whom
990 4002 1082 4067 Haupt
1093 4004 1197 4068 follows,
1206 4006 1319 4071 changes
1330 4013 1345 4037 “
1352 4011 1476 4061 debuta’'

269 4079 325 4129 into
336 4081 351 4105 “
359 4075 503 4138 devincta,'’
514 4074 561 4126 the
571 4075 629 4126 MS.
639 4075 747 4140 reading
757 4076 786 4125 in
796 4076 842 4127 the
853 4081 917 4127 next
928 4078 983 4129 line
994 4077 1075 4144 being
1084 4086 1131 4132 not
1142 4088 1157 4110 ⁶⁴
1164 4099 1195 4133 aa
1203 4084 1218 4108 '’
1229 4084 1278 4136 but
1289 4090 1304 4114 ⁴·
1312 4086 1370 4137 „dy

303 4155 313 4184 ¹
329 4158 345 4183 “
352 4153 421 4204 usu
433 4154 456 4203 is
467 4152 599 4217 generally
610 4151 765 4202 understood
776 4153 794 4203 i.
805 4167 831 4218 q.
843 4155 858 4181 “
867 4154 945 4205 edit!
978 4155 1011 4205 In
1022 4156 1068 4206 the
1078 4162 1143 4209 next
1153 4159 1206 4211 line
1217 4162 1302 4212 Barth
1317 4163 1477 4228 conjectures

269 4235 285 4260 “
294 4230 381 4281 Tollat
400 4266 407 4280 .
424 4266 431 4281 .
448 4268 455 4280 .
471 4229 580 4290 obstet,”
599 4245 690 4280 reason
710 4229 789 4294 being
809 4231 895 4281 called
917 4247 987 4296 upon
1008 4237 1035 4284 to
1057 4235 1108 4286 rise
1129 4237 1182 4288 aud
1202 4243 1251 4303 put
1273 4239 1348 4291 down
1372 4242 1476 4306 luxury.

269 4306 425 4369 Wernsdorf,
436 4307 504 4358 aiter
514 4305 533 4356 J
534 4306 641 4370 ohuson,
651 4306 764 4370 changes
776 4311 791 4336 ‘⁴
799 4306 885 4378 obstat
893 4308 909 4332 ’'
921 4309 978 4359 into
989 4315 1004 4338 ‘⁶
1013 4310 1123 4373 obstat,”
1137 4316 1280 4381 supposlug
1294 4318 1340 4369 th0
1357 4333 1433 4369 ,ΜΘ
1450 4325 1478 4369 ω

269 4385 303 4436 be
314 4386 371 4435 that
381 4384 456 4435 when
467 4386 523 4436 vioe
533 4389 628 4443 enters,
639 4399 729 4436 reason
740 4386 838 4436 retires.
872 4386 1023 4438 Lachmann
1032 4390 1109 4441 reads
1120 4393 1135 4419 ‘⁴
1142 4392 1268 4444 humanos
1279 4410 1329 4446 nou
1341 4411 1383 4445 res
1392 4396 1477 4460 magis

270 4462 352 4511 uera
362 4476 452 4512 seusus
464 4461 560 4512 Tollit:
578 4461 623 4513 sed
634 4462 701 4512 ratio
712 4463 785 4513 vitiis
795 4462 950 4515 adeuntibus
962 4466 1072 4528 obstat,”
1081 4469 1167 4520 which
1177 4471 1269 4536 Haupt
1280 4471 1379 4537 adopts.
