3250 5059
219 466 312 533 THE
335 467 543 535 ANGIENT
566 467 946 539 COMMENTATORS
968 471 1032 540 ΟΝ
1055 473 1228 543 VIRGIL
1265 478 1384 547 lxxxiii

170 643 272 703 isdem
292 651 385 703 orecte
406 651 473 704 esto.
515 644 557 703 ut
580 645 717 723 intellegi
737 647 829 706 debet
848 647 889 706 ab
907 668 943 707 eo
963 650 1048 727 qnod
1067 655 1115 711 est
1135 652 1270 727 adoloffi,
1285 656 1317 714 id
1338 661 1385 715 est

173 738 271 805 mevit,
286 743 318 795 et
331 739 475 811 mutum,
491 740 573 816 qnod
587 745 634 798 est
647 746 776 811 caetum,
792 740 846 799 tc.
881 741 1059 803 Illustrated
1076 744 1118 823 by
1137 744 1209 805 four
1228 747 1383 809 instanoes

172 827 254 887 from
267 830 379 907 Virgil.

216 917 301 978 Serv.
312 918 349 977 A.
367 921 393 978 1.
411 917 476 992 704,
491 922 607 981 adolere
619 923 741 1000 proprie
754 926 802 981 est
816 943 933 1000 cupae.

215 1010 249 1068 P.
264 1011 311 1082 62,
339 1013 477 1070 calonum
503 1034 624 1091 quoqne
649 1014 821 1092 proprietas
843 1015 918 1075 haec
941 1021 998 1090 est,
1023 1019 1105 1096 qnod
1131 1021 1217 1097 ligna
1236 1022 1384 1082 militibus

173 1101 426 1161 subministrent:
458 1104 636 1164 siluerim
657 1104 768 1165 Graeci
787 1105 873 1182 lipsa
893 1107 1011 1179 dicunt,
1035 1114 1072 1167 ut
1099 1107 1262 1185 Homerus,
1286 1111 1333 1171 ἐπὶ
1354 1111 1384 1174 δὲ

175 1190 248 1261 ξύλα
261 1190 324 1251 κᾶλ’
338 1192 478 1253 ἐπέθεντο.
700 1201 704 1210 ’

214 1284 349 1354 Servius,
363 1285 403 1342 A.
418 1286 447 1344 1.
461 1286 509 1356 39,
524 1285 586 1344 and
607 1306 691 1346 more
709 1287 791 1366 fully
812 1288 982 1360 6.1,cotas
1003 1332 1010 1348 .
1033 1336 1040 1349 .
1064 1335 1070 1349 .
1093 1291 1237 1353 dicebant
1250 1296 1380 1356 maiores

172 1377 271 1435 nostri
293 1377 394 1436 fustes
416 1397 493 1455 quos
514 1379 678 1455 portabant
701 1380 783 1439 servi
803 1386 964 1458 sequentes
988 1383 1129 1443 dominos
1152 1385 1192 1444 ad
1213 1388 1380 1464 proelium:

172 1469 254 1527 unde
266 1469 359 1527 etiam
373 1470 488 1527 calones
506 1469 696 1528 dicebantur.
736 1470 819 1530 Nam
839 1472 1026 1533 consuetudo
1050 1481 1116 1534 erat
1129 1478 1236 1537 militis
1250 1479 1382 1539 Romani

172 1565 208 1618 ut
221 1560 287 1638 ipse
301 1561 359 1620 sibi
379 1581 465 1619 arma
485 1568 622 1639 portaret
646 1568 677 1622 et
699 1564 836 1622 vallum:
857 1567 971 1624 octlwm
991 1573 1096 1626 autem
1121 1570 1264 1631 dicebant
1276 1576 1381 1647 mlum,

171 1655 253 1715 siout
264 1654 402 1715 Lucilius
418 1659 436 1684 “
446 1654 558 1715 Scinde
571 1656 668 1715 calam
681 1662 720 1714 nt
732 1656 860 1716 nalem?

213 1747 249 1804 P.
264 1745 313 1817 66,
326 1766 449 1804 maturos
462 1747 578 1805 dicitur
604 1747 732 1819 clarum,
751 1746 804 1807 de
848 1747 996 1827 Compare
1016 1755 1173 1833 generally
1196 1755 1282 1817 Serv.
1297 1756 1336 1816 A.
1354 1759 1381 1817 1.

175 1840 334 1912 110,139;
360 1840 388 1898 2.
411 1839 486 1900 268:
512 1839 549 1899 G.
575 1842 601 1899 1.
624 1839 693 1900 437.
735 1840 835 1901 These
860 1848 947 1902 notes
968 1863 1040 1923 may
1060 1848 1098 1906 be
1119 1847 1218 1908 either
1238 1850 1381 1929 indepen-

173 1934 256 2005 dent,
270 1953 305 1992 or
319 1932 398 1992 have
411 1933 574 2012 originally
588 1933 777 1993 constituted
791 1939 877 2013 parts
891 1936 924 1994 of
936 1936 991 1995 the
1004 1956 1087 1998 same
1100 1944 1181 1999 note.

592 2137 766 2208 NONIUS,
788 2138 908 2199 BOOK
927 2139 969 2198 ΙΙ.

212 2271 247 2329 P.
262 2268 308 2343 79,
320 2270 457 2347 bipennis
466 2268 665 2328 manifestum
676 2273 722 2328 est
736 2268 797 2328 dici
812 2270 891 2345 quod
902 2291 935 2328 ea
948 2277 1076 2348 atraque
1085 2281 1175 2350 parte
1188 2275 1229 2333 sit
1242 2282 1380 2335 ccatwm:

171 2386 243 2424 nam
259 2367 399 2424 nonnulli
420 2365 696 2442 gubernaculorum
709 2368 811 2441 partes
826 2364 979 2423 tenuiores
999 2367 1039 2425 ad
1060 2366 1138 2427 hano
1151 2368 1382 2429 similitudinem

166 2458 281 2534 placas
294 2461 407 2517 vocant
420 2458 584 2535 eleganter.
626 2455 713 2514 Then
726 2455 829 2516 follow
844 2456 932 2516 three
947 2459 1122 2534 quotations
1137 2459 1216 2518 from
1229 2459 1339 2520 Varro.

214 2549 337 2610 Scholia
348 2549 464 2609 Veron.
478 2548 518 2607 A.
532 2550 561 2607 2.
584 2545 653 2618 470,
673 2554 807 2626 correpta
830 2549 909 2607 dora
933 2550 1064 2626 leporini.
1086 2595 1093 2611 .
1117 2595 1124 2611 .
1144 2557 1272 2612 acutum
1293 2574 1380 2614 voca·

171 2647 253 2715 runt,
267 2644 349 2702 unde
362 2647 395 2703 et
407 2642 547 2721 bipennis
560 2641 677 2700 dicitnr
690 2661 724 2699 ec
738 2646 866 2717 utraque
871 2647 961 2718 parte
975 2649 1073 2702 acuta.

214 2733 349 2807 Servius,
364 2731 403 2792 A.
423 2734 468 2792 11.
484 2732 541 2792 651
560 2727 681 2812 (Dan),
698 2733 835 2808 bspenais
847 2738 951 2790 antem
965 2733 1080 2793 dicitnr
1095 2736 1177 2813 quod
1195 2756 1233 2794 ex
1251 2740 1381 2815 utraque

171 2833 258 2906 parte
269 2827 364 2888 habet
377 2828 482 2898 aciem,
497 2826 584 2905 quasi
597 2827 675 2885 duas
688 2826 798 2904 pinnas
812 2846 889 2903 quas
902 2831 1022 2886 veteres
1036 2828 1186 2888 dicebant.

210 2920 246 2978 P.
270 2920 338 2992 103,
361 2920 546 2979 errabundas
567 2939 623 2997 pro
646 2938 758 2976 mans.
798 2916 959 2994 Vergilius
981 2918 1076 2996 (Boc.
1103 2920 1133 2979 6.
1156 2918 1221 2999 57),
1243 2920 1297 2979 “si
1320 2941 1381 2999 qua

170 3013 250 3072 forte
282 3013 386 3072 ferant
412 3014 508 3072 oculis
536 3031 601 3071 sese
635 3011 725 3071 obvia
753 3011 869 3070 nostris
898 3010 1081 3071 Errabnnda
1107 3013 1194 3072 bovis
1221 3014 1381 3092 uestigia.''

171 3103 288 3165 Gellius
314 3105 361 3164 11.
381 3106 419 3164 15
446 3124 516 3183 says
539 3103 610 3163 that
633 3103 704 3162 this
723 3121 784 3162 was
806 3122 826 3161 a
848 3102 980 3162 mistake
1008 3102 1040 3161 of
1069 3102 1234 3165 Caesellius
1256 3105 1382 3165 Vindex

171 3196 280 3275 (under
294 3196 415 3274 Trajan,
428 3193 593 3272 06-117).
635 3194 700 3254 The
712 3197 785 3253 note
797 3213 925 3271 appears
936 3200 968 3252 to
982 3195 1021 3253 be
1035 3195 1198 3272 preserved
1210 3197 1243 3254 in
1257 3216 1276 3254 a
1288 3196 1381 3255 fuller

169 3291 251 3348 form
272 3290 313 3367 by
336 3288 462 3348 Servius
485 3283 596 3364 (Dan.)
615 3287 635 3345 l.
655 3307 680 3345 c.
703 3331 710 3343 .
734 3331 740 3343 .
763 3331 770 3344 .
792 3287 971 3358 errabunda,
986 3287 1128 3358 errantia,
1143 3291 1180 3346 ut
1195 3288 1382 3347 ludibundae

169 3381 295 3440 ludens:
318 3379 442 3450 (liceum
464 3381 481 3411 “
491 3378 593 3439 omnia
612 3377 802 3437 ludibundus
822 3377 1015 3436 conficiens.''
1056 3377 1160 3456 Comp.
1180 3377 1296 3439 Gellius
1314 3379 1335 3438 l.
1352 3399 1378 3438 c.

170 3473 253 3550 quod
272 3471 355 3529 idem
379 3466 571 3554 (Caesellius)
599 3488 664 3528 esse
679 3470 837 3548 putaverit
858 3469 963 3527 tadeus
981 3473 1014 3527 et
1035 3470 1213 3542 ludibunda,
1230 3470 1332 3529 ridens
1349 3475 1381 3529 et

170 3564 345 3623 ridibunda.

210 3657 245 3714 P.
262 3654 329 3731 105,
344 3655 475 3732 equitem
488 3673 543 3731 pro
563 3672 649 3730 equo.
689 3650 849 3730 Vergilius
868 3649 1088 3728 Georgicorum
1109 3651 1161 3711 lib.
1177 3650 1235 3710 ΙΠ.
1259 3655 1379 3731 “atque

169 3746 304 3824 equitem
319 3747 448 3805 docuere
462 3745 520 3803 snb
538 3743 632 3801 armis
646 3741 798 3801 Insultare
816 3740 879 3799 solo
897 3745 929 3799 et
947 3761 1071 3819 gressus
1087 3742 1255 3818 glomerare
1273 3762 1379 3820 snper-

169 3834 253 3894 bos.’'
308 3835 429 3893 Ennius
453 3832 622 3891 Annalium
645 3832 698 3891 lib.
720 3831 796 3890 VII.
819 3833 887 3887 “an
913 3851 976 3890 non
999 3831 1210 3908 quadrupedes
1231 3829 1379 3910 equites.’'

168 3923 306 3984 Lucilius
327 3925 355 3983 is
374 3924 450 3982 then
471 3922 583 4001 quoted
604 3943 644 3982 on
662 3922 715 3980 the
729 3922 813 3980 word
833 3922 976 3995 equitare.
1018 3918 1095 3980 Gell.
1119 3921 1166 3980 18.
1185 3922 1212 3980 5.
1230 3923 1252 3980 4
1270 3927 1379 3999 quotes

168 4016 249 4076 from
272 4017 393 4076 Ennius
418 4014 578 4092 “deniqne
600 4015 632 4074 vi
656 4033 768 4091 magna
795 4012 968 4091 quadrupes
996 4033 1088 4090 eques
1110 4018 1203 4090 atque
1225 4011 1380 4092 elephanti

167 4105 329 4166 Proiciunt
347 4104 441 4176 sese,''
462 4104 523 4162 and
541 4105 648 4181 quotes
666 4103 699 4160 in
719 4101 905 4162 illustration
928 4102 980 4161 the
1007 4122 1134 4181 passage
1159 4102 1192 4160 in
1215 4103 1269 4163 the
1294 4104 1379 4163 third

169 4194 310 4274 Georgia,
325 4196 387 4254 and
401 4194 464 4253 also
478 4195 546 4252 that
559 4193 591 4251 in
606 4191 753 4251 Lucilius.

206 4286 421 4366 Philargyrius
436 4283 472 4344 G.
488 4285 516 4343 3.
531 4284 609 4345 116:
631 4284 681 4343 hic
696 4286 826 4360 equitem
839 4282 905 4341 sine
919 4283 1011 4342 dnbio
1026 4304 1136 4360 equam
1148 4284 1233 4356 dicit,
1247 4286 1380 4345 maxime

165 4398 237 4438 cnm
250 4379 365 4438 inierat
378 4379 526 4437 insultare
539 4379 608 4436 solo.
651 4375 768 4434 Ennius
783 4374 951 4433 Annalium
965 4375 1039 4434 VH.
1057 4377 1211 4454 “denique
1224 4378 1256 4435 vi
1268 4398 1380 4455 magna

166 4470 344 4550 quadrupes
366 4489 460 4549 eques
483 4473 575 4546 atque
597 4467 752 4547 elephanti
774 4465 934 4526 Proiciunt
957 4468 1051 4526 sese.’'
1096 4468 1222 4529 Servius
1248 4469 1304 4528 has
1326 4469 1380 4528 the

165 4579 250 4621 same
264 4567 337 4621 note
348 4561 383 4621 in
395 4580 436 4621 an
450 4559 600 4638 abridged
613 4559 702 4618 form.
