3250 5059
262 450 345 517 lrxx
388 447 482 514 THE
504 445 711 514 ANOIENT
734 445 1109 514 COMMENTATORS
1132 447 1196 515 ΟΝ
1219 448 1391 516 VIRGIL.

264 630 348 690 verbi
370 626 588 706 proprietatem
613 622 712 698 magis
733 623 771 681 ab
792 641 971 680 arancarum
994 622 1131 681 cassibus
1153 622 1275 694 dictam,
1302 621 1383 699 qnod
1407 621 1469 680 sint

262 724 346 782 leves
366 727 398 780 et
418 720 531 778 nullius
551 717 699 796 ponderis,
714 735 784 786 non,
799 721 836 773 ut
855 714 1040 791 quibusdam
1060 715 1192 786 videtur,
1208 714 1295 792 quasi
1319 734 1468 790 quassum.

265 816 393 874 Plautus
418 810 585 880 Aulularia,
608 807 800 885 “Virginem
828 807 924 864 habeo
951 806 1108 883 grandem,
1131 807 1203 865 dote
1230 825 1349 865 cessam
1375 810 1469 881 atque

263 904 488 966 inlocabilsm.”

306 998 439 1069 Servius,
448 996 486 1055 A.
499 997 527 1055 2.
539 994 578 1054 85
592 989 714 1073 (Dan),
730 1012 846 1051 caseum
859 996 906 1051 est
919 991 1005 1067 qnasi
1017 1011 1157 1067 quaecum
1170 996 1201 1049 et
1208 990 1284 1048 nihil
1292 993 1467 1051 continens:

263 1112 336 1150 nam
350 1096 382 1150 et
394 1110 448 1149 vus
463 1107 610 1165 quassum,
624 1086 706 1163 quod
720 1104 857 1143 umorem
875 1083 909 1141 in
930 1103 963 1142 se
984 1103 1046 1142 non
1059 1084 1197 1142 continet
1210 1088 1241 1142 et
1255 1090 1302 1143 est
1316 1103 1469 1154 vacuum;

161 1217 166 1225 ·
264 1185 346 1243 unde
359 1187 390 1242 et
403 1181 478 1241 retia
492 1200 593 1252 ccccee,
608 1178 689 1257 quod
704 1177 838 1235 multum
852 1177 885 1234 in
899 1196 930 1234 se
943 1175 1033 1234 vacui
1047 1176 1189 1234 habeant.

305 1277 339 1334 P.
354 1276 402 1348 45,
417 1274 539 1332 iuceelce
552 1272 697 1330 dicuntur
709 1270 892 1346 impuberes,
909 1268 1019 1345 quibus
1037 1273 1164 1345 propter
1183 1271 1319 1325 teneram
1336 1272 1469 1326 aetatem

264 1370 350 1428 nulla
365 1386 436 1445 pars
450 1364 585 1443 corporis
599 1363 686 1441 pilat.
726 1362 795 1420 Hoc
814 1366 846 1419 et
859 1361 1015 1419 Aeneidos
1030 1359 1082 1419 lib.
1097 1359 1191 1418 VIII.
1206 1360 1328 1419 videtur
1340 1361 1470 1420 sensisse

264 1459 443 1538 Vergilius:
465 1461 482 1487 “
493 1456 596 1514 Aurea
609 1454 758 1513 caesaries
772 1454 841 1512 ollis
853 1457 946 1529 atque
959 1472 1053 1510 aurea
1065 1451 1188 1512 vestis.”

306 1551 440 1620 Servius,
455 1548 491 1607 A.
506 1548 534 1606 8.
550 1548 616 1618 659,
631 1567 723 1604 eurec
737 1548 833 1617 ucetia,
849 1544 907 1604 hoc
920 1549 966 1603 est
981 1544 1081 1602 barbe.
1123 1543 1214 1602 Unde
1227 1549 1335 1603 contra
1347 1546 1470 1605 investes

264 1645 395 1703 dicimus
407 1641 567 1699 imberbes:
590 1638 671 1697 unde
684 1643 731 1697 est
746 1637 791 1714 (v.
806 1631 882 1715 160)
904 1639 922 1665 “
931 1640 1006 1695 tunc
1026 1635 1102 1693 mihi
1116 1636 1215 1712 prima
1228 1655 1323 1714 genas
1337 1638 1470 1696 vestibat

264 1742 338 1800 flore
350 1734 505 1797 iuventa.’‘

306 1832 408 1912 (Paul.
423 1851 453 1908 p.
468 1829 527 1888 368
540 1849 564 1886 s.
579 1849 608 1886 v.
622 1822 788 1906 vesticeps.)

305 1925 339 1983 P.
354 1922 401 1995 48,
416 1920 598 1980 silicernium
610 1920 739 1997 pessime
751 1918 963 1993 intellegentes
975 1919 1020 1976 ita
1034 1918 1168 1994 posiusse
1181 1918 1346 1977 Terentium
1359 1925 1471 1998 putant

265 2017 347 2095 quod
367 2014 551 2074 incurvitate
571 2012 670 2070 silices
694 2015 800 2069 cernat
821 2030 922 2069 senex.
976 2010 1166 2069 silicernium
1187 2016 1235 2068 est
1255 2012 1377 2089 proprie
1400 2033 1468 2071 cou-

263 2109 380 2170 virium
400 2107 530 2166 funebre
552 2104 633 2181 quod
653 2104 775 2162 senibus
795 2102 966 2166 exhibetur.
1006 2103 1106 2162 Varro
1124 2103 1309 2180 Meleagria:
1332 2109 1351 2133 “
1363 2106 1469 2165 Funus

264 2200 439 2279 exsequiati,
453 2200 538 2257 lente
557 2198 596 2256 ad
617 2197 793 2274 sepulcrum
813 2196 942 2273 antiquo
963 2217 1047 2256 more
1069 2197 1255 2256 silicernium
1274 2199 1469 2272 confecimus,

262 2296 296 2355 id
309 2299 355 2353 cst
368 2289 561 2368 trepidarem:
583 2310 643 2367 quo
659 2289 760 2366 pransi
781 2289 973 2348 discedentes
988 2290 1117 2348 dicimus
1131 2291 1210 2348 alius
1223 2291 1276 2349 alii
1291 2291 1390 2349 Vulc.”

305 2387 439 2456 Servius,
454 2384 491 2441 A.
507 2385 533 2443 5.
549 2384 596 2453 92,
611 2383 720 2440 leviter
732 2382 870 2459 gustavit
884 2382 988 2460 epulas
1004 2424 1011 2438 .
1026 2425 1034 2439 .
1049 2425 1056 2439 .
1071 2402 1149 2459 quae
1162 2384 1344 2441 silicernium
1362 2383 1468 2443 dicun-

264 2486 317 2539 tur
337 2476 425 2556 quasi
444 2475 621 2544 siliceuium,
636 2493 729 2551 snper
748 2472 862 2531 silicem
876 2473 1001 2550 positae.
1043 2472 1081 2531 In
1100 2474 1153 2533 the
1169 2473 1293 2533 Servius
1306 2475 1339 2533 of
1359 2474 1469 2533 Daniel

263 2592 314 2631 are
328 2568 427 2628 added
446 2566 499 2624 the
514 2565 621 2636 words,
636 2584 715 2642 quae
734 2565 866 2640 peractis
883 2565 978 2623 sacris
998 2565 1123 2624 senibus
1136 2565 1297 2638 dabuntur,
1311 2571 1349 2623 ut
1360 2586 1394 2625 se
1406 2567 1469 2625 cito

264 2661 430 2721 morituros
443 2661 669 2734 cognoscerent.

306 2754 338 2811 P.
362 2749 410 2820 tc,
425 2750 510 2827 fures
530 2747 785 2823 significationem
805 2747 917 2807 habere
936 2768 955 2806 a
968 2749 1071 2825 furvo,
1094 2746 1177 2824 quod
1200 2747 1331 2807 Romani
1354 2755 1472 2809 veteres

258 2847 386 2923 furuum
398 2845 499 2899 atrum
513 2839 752 2916 appellaverint3
772 2844 803 2898 et
822 2840 904 2916 quod
926 2860 981 2917 per
999 2840 1144 2898 obscuras
1160 2843 1253 2915 atque
1271 2846 1354 2899 utras
1366 2847 1470 2900 noctes

263 2937 437 3012 opportune
464 2929 505 2987 sit
531 2929 575 2987 eis
601 2930 674 2987 mali
701 2929 832 3001 effectio,
856 2949 907 2989 eos
934 2931 1031 2988 dictos
1059 2930 1154 3002 fures,
1176 2929 1277 2990 Varro
1304 2929 1469 3011 (ostendit)

264 3026 381 3085 Rerum
402 3022 620 3080 Humanarum
639 3020 691 3079 lib.
715 3020 823 3081 XIV.:
847 3023 972 3086 “furem
993 3042 1031 3081 ex
1050 3022 1222 3081 aedictum
1243 3023 1326 3100 qnod
1343 3024 1470 3083 furvum

263 3123 366 3178 atrum
374 3114 604 3192 appellaverint,
613 3117 644 3170 et
650 3115 737 3191 sures
751 3134 805 3191 per
818 3115 961 3174 obscures
975 3120 1078 3173 noctes
1093 3121 1186 3191 atque
1199 3120 1282 3174 atras
1295 3116 1469 3175 iurentur.'’

257 3243 260 3248 ·
306 3208 440 3275 Servius,
462 3205 500 3265 A.
524 3205 552 3264 9.
574 3204 642 3273 350,
658 3206 745 3282 sures
772 3205 840 3266 ideo
866 3206 943 3265 dicti
965 3213 1039 3265 sunt
1060 3206 1135 3284 quid
1152 3208 1243 3284 sumo
1266 3207 1361 3267 idest
1382 3209 1471 3286 nigro

263 3307 401 3377 tempore
415 3297 501 3357 furta
513 3296 722 3356 committunt.

305 3390 342 3451 G.
357 3390 386 3448 3.
401 3388 469 3460 407,
486 3390 544 3467 sur
561 3393 665 3446 antem
685 3409 704 3446 a
718 3390 810 3467 fureo
831 3389 933 3448 dictus
946 3394 1000 3457 est,
1017 3389 1051 3448 id
1070 3394 1117 3447 est
1136 3390 1230 3466 uiqro.
1271 3389 1351 3448 Nam
1373 3392 1471 3450 noctis

262 3484 364 3542 utitur
387 3485 532 3558 tempore.
573 3480 721 3538 Horatius
746 3478 862 3558 (Germ.
884 3481 976 3539 213.
997 3477 1052 3559 21)
1076 3484 1196 3557 “quam
1218 3501 1314 3559 paene
1337 3481 1471 3541 vidimus

263 3576 372 3634 furvae
385 3593 480 3650 regna
500 3572 728 3649 Proserpinae.”
768 3570 835 3630 Aut
855 3577 938 3631 certe
961 3592 981 3631 a
1006 3571 1122 3632 Graeco
1137 3573 1228 3645 venit,
1244 3592 1316 3631 nam
1334 3572 1388 3630 fur
1408 3573 1471 3651 φώρ

263 3671 400 3727 vocatur.
453 3691 456 3700 ⁴

303 3758 338 3815 P.
359 3757 407 3826 51,
430 3755 513 3831 peni,
532 3774 637 3831 peuces,
663 3756 711 3814 vel
733 3755 865 3832 penoris,
893 3756 937 3815 sic
965 3756 1047 3813 enim
1068 3775 1087 3813 a
1107 3756 1247 3834 pluribus
1274 3756 1470 3828 declinatum,

262 3847 479 3928 proprietatem
494 3846 578 3905 docti
591 3851 709 3906 veteres
730 3847 809 3906 hanc
830 3867 896 3907 esse
913 3848 1084 3917 voluerunt,
1099 3850 1182 3926 quod
1200 3869 1278 3927 quae
1294 3850 1328 3908 in
1341 3869 1377 3908 ea
1390 3854 1471 3921 sunt,

261 3940 351 4018 quasi
364 3938 485 4017 penitus
500 3940 532 3996 ct
544 3937 577 3995 in
590 3938 797 4015 penetralibus
810 3939 1027 3997 recondantur.
1062 3939 1130 3998 Hoc
1144 3941 1219 3999 etin
1232 3941 1370 4019 antiquis
1383 3940 1471 3999 libris

261 4037 293 4091 et
307 4029 555 4109 philosophorum
569 4030 752 4089 tractatibus
765 4031 930 4090 invenitur.

304 4121 440 4193 Servius,
455 4121 494 4178 A.
509 4121 537 4179 2.
559 4119 618 4180 508
632 4119 755 4198 (Dan),
769 4143 843 4182 sane
856 4125 1026 4199 petulentia
1039 4124 1162 4201 proprie
1176 4124 1303 4183 deorum
1317 4124 1471 4198 dicuntur,

261 4233 323 4273 non
342 4231 500 4289 nunqnam
524 4210 616 4270 etiem
638 4211 717 4271 imae
738 4218 770 4272 et
793 4214 953 4272 interiores
975 4219 1078 4292 partes
1100 4215 1289 4292 privatarum
1312 4216 1471 4274 domorum

261 4311 421 4376 vocantur,
437 4304 519 4363 unde
532 4308 562 4362 et
570 4325 684 4381 penum
698 4305 828 4365 dicimus
847 4308 949 4366 locum
968 4308 1023 4367 ubi
1042 4309 1219 4367 conduntur
1231 4329 1308 4386 quae
1320 4309 1361 4367 ad
1375 4309 1472 4368 vitam

261 4404 336 4459 sunt
349 4398 527 4457 neccssaria.

305 4489 439 4562 Servius,
450 4489 487 4549 A.
499 4491 524 4548 1.
543 4490 608 4563 703,
624 4493 705 4552 iuter
719 4511 833 4568 penum
847 4498 879 4550 et
893 4494 1050 4552 cellerium
1065 4495 1120 4551 hoc
1134 4494 1271 4562 interest,
1287 4495 1367 4571 quod
1383 4496 1470 4553 cella-
