3250 5059
232 398 375 466 lxxxviii
404 396 498 464 THE
520 394 729 464 ANOIENT
752 394 1128 464 COMMENTATORS
1151 396 1215 465 ΟΝ
1237 396 1413 465 VIRGIL.

234 574 393 652 quiescit.”
464 572 641 650 Gompoaerc
670 573 838 651 disponere,
873 572 1076 632 constituere:
1109 573 1267 650 Vergilius
1295 572 1447 632 Aeneidos

232 668 285 726 lib.
300 666 359 724 IH.
376 668 493 743 “quam
510 670 581 723 tuta
600 666 698 743 possis
718 666 825 724 urbem
844 684 1025 742 componere
1047 666 1158 724 terra.‘'
1198 666 1242 723 M.
1263 666 1384 724 Tullius
1408 666 1446 724 de

236 757 438 817 Officiis...
462 754 638 833 Gompoccrc
672 776 780 815 rursus
816 756 969 832 significat
1001 776 1186 834 comparare.
1241 756 1445 816 Accius...

235 850 400 909 Lucilius.
422 890 430 906 .
452 890 460 906 .
484 847 677 908 Sallustius.
700 888 709 906 .
730 889 739 906 .
760 847 919 923 Vergilius
941 846 1162 926 Georgicorum
1189 849 1242 908 lib.
1270 849 1326 907 IV.
1358 852 1446 906 “non

235 941 332 1013 aliter,
347 941 373 999 si
388 959 484 1017 parva
501 940 573 998 licet
591 959 771 1017 componere
790 940 911 1015 magnis
923 939 940 965 '’
962 982 970 997 .
992 981 1001 999 .
1022 982 1030 997 .
1054 937 1230 1017 Occuponem
1251 942 1446 1019 coniungere.

236 1031 394 1109 Vergilius
406 1032 459 1090 lib.
469 1029 560 1090 VlII.
573 1032 781 1109 “componens
794 1031 998 1108 manibusque
1013 1053 1122 1091 manus
1136 1038 1230 1111 atque
1243 1035 1347 1093 oribus
1361 1034 1445 1092 ora.”

237 1124 436 1183 Lucilius..
458 1166 466 1182 .
489 1121 669 1181 Sallustius.

280 1218 415 1288 Servius,
430 1216 468 1276 A.
492 1217 521 1274 1.
544 1214 611 1290 374,
634 1223 785 1294 componet
811 1218 905 1289 finiet,
927 1222 965 1276 ut
989 1218 1122 1276 “oblato
1145 1219 1283 1294 gaudens
1304 1218 1447 1296 componi

236 1310 359 1370 foedere
379 1308 523 1369 bellum.''
564 1307 628 1367 The
653 1308 754 1369 Gassel
777 1310 847 1370 MS.
866 1310 952 1383 adds,
968 1313 1000 1370 et
1023 1312 1112 1369 “non
1126 1316 1267 1370 nostrum
1286 1312 1369 1370 inter
1393 1331 1448 1371 vos

235 1407 337 1462 tantas
363 1421 542 1479 componere
569 1400 669 1461 lites.''
722 1401 808 1461 Alibi
828 1423 884 1480 pro
911 1405 1073 1480 disponere,
1097 1410 1133 1463 nt
1161 1409 1244 1465 “nec
1265 1425 1447 1482 componere

238 1514 309 1572 opes
323 1493 461 1566 norant,''
475 1493 549 1552 alibi
561 1513 618 1571 pro
632 1494 815 1571 contancerc,
826 1500 863 1554 ut
879 1497 896 1524 “
907 1515 1090 1573 componens
1101 1498 1300 1573 manibusque
1309 1497 1448 1566 manns,'’

237 1586 310 1646 alibi
323 1606 379 1663 pro
393 1604 571 1662 comparere,
588 1589 626 1642 ut
648 1586 719 1645 “sic
738 1587 843 1665 parvis
865 1606 1044 1664 componere
1063 1608 1176 1665 magna
1195 1588 1355 1660 solebam,’'
1375 1589 1450 1647 alibi

238 1682 445 1761 profundere,
460 1685 498 1740 ut
512 1684 530 1711 “
539 1680 660 1758 placida
673 1687 848 1761 compostus
864 1682 967 1760 pace.’'

279 1776 315 1834 P.
336 1773 405 1845 261,
427 1773 617 1851 circumferre
637 1773 779 1832 lustrare.
821 1774 951 1833 Plautus
971 1774 1005 1832 in
1028 1772 1263 1852 Amphitruone,
1286 1774 1304 1802 “
1315 1771 1391 1849 quin
1412 1776 1450 1829 tn

238 1867 338 1926 istane
350 1867 422 1926 iube
436 1864 497 1924 Pro
511 1864 625 1924 cerrita
639 1865 862 1925 circmferriR’

283 1958 416 2030 Servius,
432 1956 471 2014 A.
491 1957 518 2017 6.
540 1956 607 2029 229,
631 1956 826 2027 circumtulit,
847 1957 1004 2035 purgarit.
1044 1956 1219 2033 Antiquam
1237 1958 1366 2017 verbum
1386 1963 1448 2029 est3

240 2052 386 2110 Plautus:
404 2053 486 2128 “pro
499 2050 616 2108 larvato
630 2052 661 2108 te
675 2048 917 2108 circumferam?
951 2050 1032 2109 Nam
1043 2050 1208 2109 lustratioa
1220 2049 1451 2109 circumlatione

240 2144 322 2203 diota
334 2148 381 2201 est
394 2142 442 2202 vel
455 2142 562 2201 taedae
575 2139 624 2199 vel
638 2141 780 2219 sulpuris.
823 2139 986 2214 Iuvenalis,
1002 2140 1058 2200 “si
1071 2160 1132 2218 qua
1151 2141 1298 2199 darentur
1316 2140 1451 2220 Sulpura

240 2257 312 2297 cum
324 2233 451 2294 taedis.”

281 2328 316 2386 P.
331 2327 399 2400 261,
412 2322 590 2399 confidentia
610 2366 618 2381 .
639 2366 648 2382 .
669 2364 678 2381 .
698 2325 864 2395 temeritas,
879 2326 1016 2385 audacia.
1057 2315 1272 2384 Lucilius...
1293 2324 1450 2402 Turpilius

242 2463 250 2479 .
272 2463 279 2477 .
302 2465 309 2478 .
329 2418 441 2478 Accius
461 2457 470 2473 .
491 2457 500 2473 .
521 2413 693 2475 ,Afranius
712 2459 718 2473 .
737 2458 746 2474 .
766 2417 947 2495 .Vergilius
963 2418 1185 2496 Georgicorum
1199 2418 1250 2477 lib.
1267 2417 1324 2476 IV.
1341 2418 1450 2475 “Nem

242 2513 311 2590 quis
324 2515 363 2584 te,
374 2510 523 2568 iuvenum
533 2506 797 2581 confidentissime,
808 2514 928 2569 nostras
942 2509 1038 2569 Iussit
1048 2510 1133 2569 adire
1146 2510 1250 2569 domos
1260 2509 1275 2568 Ρ
1285 2509 1303 2534 ”
1338 2509 1448 2570 Teren-

241 2605 305 2662 tius
318 2603 352 2660 in
365 2599 484 2659 Andria
498 2598 628 2658 “nescio
641 2598 696 2676 qui
709 2619 802 2659 senex
815 2602 900 2660 venit
913 2603 1003 2661 modo
1025 2647 1032 2660 .
1055 2646 1062 2661 .
1087 2646 1093 2659 .
1115 2602 1277 2674 confidens,
1292 2602 1409 2661 catus.''

216 2692 220 2701 '
282 2691 502 2770 Philargyrins,
513 2688 669 2761 61445,
683 2691 925 2767 confidentmmmc
936 2714 991 2771 pro
1000 2694 1206 2753 audacissime.
1236 2692 1450 2769 Confidenticm

242 2788 325 2848 enim
347 2789 464 2845 veteres
487 2803 542 2861 pro
565 2783 737 2859 impudenti
758 2785 886 2844 andacia
908 2785 1058 2857 dicebant,
1082 2792 1121 2845 ut
1148 2786 1308 2846 Terentius
1335 2783 1449 2864 (Andr.

243 2881 272 2940 5.
288 2878 315 2937 3.
330 2875 365 2956 5)
381 2880 399 2907 “
410 2874 436 2934 Ο
449 2875 606 2952 ingentem
618 2875 863 2934 confidentiam.''

285 2972 321 3030 P.
341 2968 409 3040 266,
429 2986 582 3044 capessere,
600 2965 733 3043 recipere
755 2969 925 3045 (capessere
941 2991 979 3042 se,
999 2991 1029 3029 se
1046 2967 1227 3049 reciperet).
1268 2969 1398 3029 Plautus
1417 2971 1451 3028 in

244 3061 477 3140 Amphitruone,
498 3060 608 3116 “nunc
627 3077 754 3136 pergam
773 3060 817 3117 eri
833 3061 997 3139 imperium
1016 3062 1181 3139 exsequier,
1204 3067 1236 3120 et
1254 3081 1303 3122 me
1327 3063 1452 3121 domum

246 3151 429 3233 capessere.''

288 3244 413 3307 Servius
427 3238 580 3321 (Daniel),
595 3241 631 3301 A.
646 3243 675 3300 4.
690 3243 759 3317 346,
781 3245 907 3321 quidam
928 3265 1074 3323 capessere
1089 3266 1145 3323 pro
1168 3247 1213 3306 ire
1236 3248 1398 3327 accipiunt,
1416 3252 1451 3306 ut

246 3339 378 3398 Titinius
393 3339 411 3366 “
420 3334 534 3393 Lucius
549 3334 674 3393 domum
687 3355 719 3393 se
733 3336 893 3413 capessit.”

286 3430 414 3500 Nonius,
438 3448 468 3507 p.
482 3424 550 3497 277,
565 3426 708 3486 desecare
730 3432 761 3485 et
786 3430 979 3487 condemnare
1001 3449 1058 3507 pro
1081 3430 1209 3488 liberare
1231 3430 1365 3507 positum
1386 3436 1451 3498 est:

247 3521 381 3581 Titinius
401 3561 408 3576 .
429 3562 436 3575 .
459 3561 466 3575 .
488 3515 645 3592 Vergilius
663 3518 716 3576 lib.
729 3516 804 3583 XII.
826 3520 945 3595 “quem
965 3518 1088 3577 damnet
1105 3520 1199 3590 labor,
1217 3525 1249 3577 et
1267 3540 1326 3596 quo
1345 3528 1453 3598 vergat

246 3612 379 3693 pondere
392 3607 517 3668 letum.''
560 3608 714 3686 Turpilius
736 3650 745 3668 .
766 3650 774 3667 .
795 3649 804 3668 .
833 3609 994 3687 Vergilius
1007 3610 1203 3670 ianoolicis
1219 3612 1402 3672 “damnabis
1416 3618 1452 3671 tn

246 3722 369 3785 quoque
382 3699 491 3759 votis.’'
534 3697 671 3758 Sisenna.

289 3793 423 3865 Servius,
437 3791 476 3849 A.
491 3791 538 3850 12.
553 3789 618 3863 727,
633 3792 761 3864 decutet,
775 3792 891 3863 liberet,
902 3797 940 3850 ut
954 3792 1139 3852 “damnabis
1157 3799 1195 3852 tu
1209 3814 1331 3872 quoque
1344 3798 1452 3855 votis.’'

288 3889 325 3947 P.
349 3883 416 3958 278,
442 3884 491 3956 dc,
514 3884 573 3941 dic.
636 3882 795 3961 Vergilius
818 3884 851 3941 in
872 3884 1033 3955 Bucolicis,
1059 3884 1151 3944 “Sed
1173 3892 1277 3945 tamen
1299 3887 1358 3946 iste
1378 3889 1453 3948 deus

246 3984 302 4063 qui
324 3982 374 4053 sit,
402 3978 450 4050 da,
479 3977 592 4055 Tityre,
619 3977 736 4036 nobis.''
790 3977 894 4036 Etiam
913 3977 966 4035 lib.
987 3976 1044 4035 VI.
1071 3979 1195 4055 “tuque
1216 3979 1242 4038 Ο
1264 3981 1455 4040 sanctissima

247 4080 341 4146 vates,
356 4068 499 4130 Praescia
514 4067 646 4141 venturi,
663 4069 710 4142 da,
725 4089 788 4129 non
801 4070 939 4128 indebita
952 4069 1073 4146 posco.''

290 4164 424 4235 Servius,
433 4159 471 4218 A.
486 4160 514 4219 1.
524 4157 591 4232 676,
603 4160 705 4238 ccccpe
718 4161 798 4233 andi,
809 4165 967 4219 utcontra
977 4160 1018 4217 do
1031 4159 1096 4231 dic;
1110 4165 1147 4219 ut
1160 4164 1177 4194 “
1187 4161 1233 4234 da,
1245 4181 1308 4220 non
1319 4162 1455 4223 indebita

246 4278 338 4339 posco
348 4256 366 4282 ”
380 4259 413 4313 et
432 4257 449 4284 ‘⁴
458 4253 506 4324 da,
521 4251 636 4330 Tityre,
650 4253 768 4313 nobis.’'
809 4253 916 4333 Gomp.
932 4253 1018 4314 Serv.
1034 4251 1143 4332 (Dan.)
1158 4274 1197 4313 on
1210 4253 1248 4312 A.
1264 4255 1292 4314 3.
1306 4255 1353 4330 85,
1368 4256 1454 4316 Serv.

244 4374 287 4414 cn
299 4350 337 4409 A.
351 4350 380 4409 6.
394 4348 443 4421 66,
458 4348 494 4405 Ε.
509 4346 537 4404 1.
552 4347 601 4406 19.

175 4467 178 4472 ’
287 4444 323 4504 Ρ.
344 4441 412 4514 298,
433 4441 555 4518 deplere
576 4440 722 4500 minuere.
776 4440 937 4518 Vergilius
963 4440 1016 4501 lib.
1036 4439 1094 4501 VI.
1118 4442 1136 4471 ‘⁴
1145 4440 1306 4513 discedam,
1327 4442 1454 4520 explebo

247 4555 418 4608 numerum,
432 4533 603 4610 reddarque
616 4533 781 4594 tenebris.’'
