3250 5059
316 445 479 514 VIRGIL
502 445 602 513 AND
624 444 703 511 HIS
725 443 934 512 ANOIENT
956 443 1146 512 ORITIOS.
1281 447 1340 515 xlv

122 626 178 699 μὲν
202 625 305 701 μαστῷ
327 621 463 696 πέλασεν,
485 619 558 701 τόξῳ
582 619 612 681 a
634 617 761 695 σίδηρον.
803 619 914 677 Totam
934 637 1001 677 rem
1025 623 1140 695 quanto
1161 621 1340 698 compendio

123 716 233 793 lingua
247 716 343 774 ditior
355 714 536 792 explicavit:
559 718 667 784 vester,
682 712 753 770 licet
766 711 892 788 periodo
912 729 995 780 usus,
1011 710 1094 770 idem
1113 715 1217 770 tamen
1231 711 1336 772 dixit?

124 806 263 865 Adduxit
277 807 360 882 loape
374 805 504 883 capito,’'
520 803 575 863 dac.

169 898 294 958 Servius
308 919 348 957 on
358 898 435 956 Aen.
448 898 475 955 1.
487 897 526 955 92
535 893 662 974 (Dan.):
680 893 940 972 “reprehenditur
948 914 1021 953 sane
1034 896 1092 955 hoo
1104 896 1171 954 loco
1181 897 1341 975 Vergilius

125 992 210 1070 quod
224 992 390 1070 improprie
403 991 458 1049 hos
471 1009 580 1048 versus
594 989 721 1048 Homeri
734 989 929 1048 transtulerit
950 1033 957 1047 .
982 1033 990 1046 .
1013 1034 1020 1048 .
1042 1010 1111 1049 nam
1120 989 1234 1067 frigore
1246 992 1341 1050 solerte

124 1086 256 1143 vaerebro
278 1084 370 1161 louge
393 1082 479 1142 alind
502 1086 549 1142 est
574 1101 666 1158 qnam
691 1081 763 1139 λύτο
786 1081 921 1160 γούνατα,
947 1085 978 1140 et
1001 1084 1133 1159 duplices
1157 1086 1275 1142 tendere
1299 1085 1341 1144 ad

124 1176 225 1234 sidera
240 1176 363 1252 palmos
376 1175 477 1246 molle,
492 1194 563 1232 cnm
576 1174 655 1231 illud
668 1172 766 1250 magis
780 1173 879 1232 altum
893 1178 925 1231 et
937 1174 1077 1233 heroicae
1098 1195 1254 1253 personae,
1267 1176 1341 1253 πρὸς

126 1266 160 1328 όν
179 1267 363 1346 μεγαλήτορα
382 1265 480 1342 θυμόν.
524 1266 686 1324 Praeterea
707 1265 777 1344 quis
797 1265 932 1324 interdiu
945 1286 1055 1326 manus
1068 1268 1108 1326 ad
1126 1269 1228 1328 sidera
1248 1270 1339 1348 tollit,

127 1367 184 1419 aut
207 1361 277 1436 quis
298 1360 338 1418 ad
361 1360 481 1417 caelum
502 1378 613 1417 manus
637 1358 746 1417 tollens
770 1379 833 1417 non
853 1360 936 1418 aliud
960 1367 1105 1437 precatur
1125 1362 1227 1438 potius
1247 1382 1340 1439 quam

126 1451 224 1511 dicit?
236 1452 253 1476 ’'
267 1453 298 1509 4.
307 1449 366 1511 367
382 1447 505 1529 (Dan),
516 1452 534 1481 “
545 1470 617 1509 saue
627 1450 753 1525 quidam
761 1451 893 1510 absurde
901 1457 1013 1529 putant
1023 1451 1193 1512 Caucasum
1203 1459 1235 1512 et
1243 1455 1341 1531 tigres

127 1563 148 1602 a
156 1543 277 1602 Didone
288 1547 479 1611 memoratas,
491 1542 563 1620 quia
571 1562 627 1600 nec
639 1541 753 1599 Didoni
761 1544 957 1619 perturbatae
967 1545 1068 1603 venire
1076 1545 1109 1602 in
1119 1550 1252 1604 mentem
1262 1545 1340 1605 (lau-

126 1655 216 1695 casus
229 1633 370 1711 (Ooreoai
379 1632 408 1709 l)
418 1635 528 1712 potuit,
541 1653 596 1692 nec
606 1634 701 1710 tigres
715 1633 803 1692 iuxta
811 1655 881 1692 eum
890 1636 1039 1713 cognitae,
1052 1643 1083 1695 et
1094 1638 1152 1697 hoo
1161 1638 1339 1715 Hyrcanae:

126 1747 200 1785 nam
217 1726 300 1804 quod
319 1726 364 1783 ait
383 1726 482 1801 praeit
498 1726 654 1795 Ooecasar,
675 1725 843 1784 elaboravit
863 1726 991 1786 dicendo
1011 1728 1113 1803 genuit
1132 1730 1341 1790 incredibilius

127 1817 231 1876 facere
244 1816 283 1875 de
296 1819 399 1874 monte
413 1815 575 1873 masculini
589 1815 719 1891 generis,
734 1815 852 1874 sedhic
865 1816 1007 1876 imitatur
1021 1817 1161 1891 Graecos,
1176 1821 1231 1899 qui
1243 1822 1342 1899 magis

128 1908 252 1987 propria
264 1906 376 1985 γλαυκὴ
386 1904 418 1964 δέ
430 1930 466 1966 σε
479 1904 556 1965 τίκτε
566 1904 734 1965 eamear
755 1905 837 1978 And,
849 1908 1000 1987 although
1014 1909 1138 1982 Pindar,
1150 1918 1205 1970 not
1215 1912 1341 1984 Homer,

129 2002 157 2059 is
178 2000 212 2058 in
234 1999 383 2076 question,
399 2017 445 2056 we
469 2017 540 2076 may
561 1998 633 2057 here
656 2003 749 2075 quote
773 2000 828 2057 the
851 2019 956 2059 severe
981 2000 1129 2060 oritioism
1151 2022 1191 2061 on
1212 2003 1342 2080 Virgil’s

130 2091 319 2168 description
331 2090 364 2149 of
384 2089 467 2149 Etna
479 2090 513 2148 in
526 2090 670 2167 eruption
684 2089 819 2168 (Gellius
834 2089 881 2149 17.
898 2092 936 2150 10
953 2116 977 2140 -·
991 2091 1167 2152 Macrobius
1183 2095 1210 2152 5.
1226 2093 1274 2153 17.
1290 2093 1340 2173 7):

131 2184 215 2242 “Ille
241 2182 374 2241 Graecus
407 2178 591 2258 (Pindarus)
619 2182 745 2258 quidem
768 2182 870 2242 fontes
897 2183 1003 2242 imitus
1028 2185 1116 2261 ignes
1143 2190 1283 2245 eructare
1311 2193 1342 2246 et

130 2276 225 2335 fluere
238 2293 342 2332 amnes
354 2273 436 2331 furni
449 2277 481 2331 et
499 2274 692 2332 flammarum
710 2274 798 2333 fulva
816 2279 848 2332 et
863 2279 1004 2334 tortuosa
1016 2276 1174 2335 volumina
1188 2278 1220 2335 in
1235 2277 1343 2354 plagas

130 2369 226 2428 maris
252 2368 341 2439 ferre,
364 2367 453 2444 quasi
476 2367 625 2443 quosdam
648 2366 755 2443 igneos
777 2386 893 2439 amnes,
916 2369 1071 2427 luculente
1095 2369 1183 2427 dixit.
1224 2369 1268 2427 At
1290 2370 1341 2428 hic

131 2477 233 2522 vester
246 2466 344 2518 atram
356 2461 462 2518 autern
476 2460 588 2517 turbine
602 2459 688 2535 piceo
703 2464 730 2517 et
741 2458 857 2534 fovilla
868 2459 1008 2536 fumante
1025 2461 1094 2536 ῥόον
1112 2463 1220 2522 καπνοῦ
1237 2460 1342 2520 αἴθωνα

130 2553 328 2631 interpretari
342 2552 445 2610 volens
460 2570 559 2611 crasse
573 2555 605 2608 et
619 2551 781 2612 immodice
801 2552 964 2629 congessit,
979 2553 1074 2630 plebea
1094 2557 1187 2630 atque
1199 2554 1341 2628 flammo·

129 2668 206 2716 ram,
219 2645 300 2725 quod
314 2646 366 2703 ille
379 2644 513 2721 κρουνοὺς
526 2645 653 2716 dixerat,
669 2645 788 2704 duriter
801 2647 906 2723 posuit
920 2650 952 2705 et
966 2647 1081 2722 όκύρως.
1124 2646 1193 2706 Ηοα
1207 2668 1279 2706 vero
1293 2648 1343 2706 vel

130 2739 336 2799 inenarrabile
348 2743 395 2796 est
408 2737 491 2815 quod
511 2738 617 2795 nahem
631 2743 729 2795 atram
739 2737 861 2813 frenare
875 2738 955 2797 dixit
969 2739 1083 2796 tortirac
1092 2740 1177 2817 piceo
1196 2745 1223 2797 et
1229 2738 1343 2814 favilla

130 2833 281 2892 sordente.
332 2828 403 2888 Non
423 2829 504 2887 enim
524 2829 645 2887 fumare
665 2829 764 2889 solent
783 2850 883 2908 neque
903 2835 971 2889 atra
990 2851 1055 2889 esse
1076 2851 1153 2909 quae
1174 2836 1246 2890 sunt
1267 2851 1337 2890 can-

131 2926 247 2996 dentia,
262 2923 321 2982 nisi
340 2923 421 2981 forte
441 2922 579 2980 euadente
599 2922 679 2981 dixit
699 2924 882 3001 pervulgate
898 2928 930 2982 et
950 2923 1116 3001 improprie
1136 2944 1191 3001 pro
1205 2923 1342 2999 serenti,

130 3036 194 3076 non
214 3036 271 3094 pro
297 3014 445 3084 relucenti,
459 3032 532 3071 nam
547 3014 673 3072 randena
687 3014 836 3073 sciliceta
850 3015 974 3073 candore
988 3015 1116 3086 dictum,
1131 3035 1192 3073 nou
1205 3035 1224 3073 a
1238 3016 1341 3074 colore.

131 3106 224 3183 Quod
241 3111 344 3165 autem
357 3106 488 3183 scopatae
504 3105 635 3163 eructari
652 3112 679 3163 et
693 3106 768 3182 eripi
787 3107 969 3183 eosdemque
983 3108 1064 3184 ipsos
1078 3107 1185 3165 statim
1199 3106 1344 3184 liquefieri
1379 3119 1383 3125 ’

130 3207 165 3260 et
178 3219 289 3277 pernen
306 3202 399 3275 atque
415 3197 573 3274 glomerari
586 3197 639 3254 aab
657 3215 746 3255 carae
767 3198 855 3269 dixit,
871 3198 928 3256 hoc
941 3218 999 3257 nec
1012 3217 1032 3255 a
1044 3197 1179 3256 Pindaro
1193 3199 1344 3275 scriptum

129 3311 188 3351 nec
207 3309 348 3368 unquam
367 3289 462 3347 fando
482 3287 633 3359 auditum,
647 3293 679 3346 et
693 3288 833 3347 omnium
852 3308 931 3367 quae
947 3292 1083 3347 monstra
1097 3288 1244 3346 dicuntur
1257 3308 1342 3346 mon·

129 3383 372 3444 struosissimnm
386 3380 486 3439 est.''⁸

172 3476 270 3534 There
289 3473 316 3532 is
336 3495 355 3533 a
374 3478 463 3552 great
482 3472 552 3530 deal
566 3471 604 3532 of
623 3473 745 3531 neutral
765 3472 915 3531 oritioism
935 3494 976 3531 on
994 3472 1125 3550 Virgil‘s
1145 3472 1343 3532 translations

128 3567 213 3627 from
231 3566 350 3624 Homer
367 3565 399 3623 in
419 3564 472 3622 the
490 3563 578 3622 third
598 3564 733 3641 chapter,
748 3564 810 3622 aud
825 3584 864 3622 on
879 3568 911 3622 to
925 3564 979 3623 the
993 3563 1084 3623 tenth
1105 3564 1138 3623 of
1158 3564 1344 3624 Macrobius'

130 3658 204 3718 fifth
219 3657 307 3727 book,
324 3656 423 3715 which
437 3656 454 3715 I
468 3661 581 3716 cannot
598 3676 728 3733 suppose
742 3660 775 3714 to
789 3655 868 3714 have
881 3676 967 3715 come
981 3655 1062 3714 from
1075 3656 1127 3714 the
1141 3675 1224 3714 same
1237 3676 1344 3716 source

129 3773 165 3813 as
178 3753 232 3810 the
246 3749 449 3810 acrimonions
463 3750 602 3808 remarks
615 3751 712 3808 above
725 3748 850 3825 quoted.
893 3749 926 3806 It
938 3748 965 3807 is
982 3755 1039 3807 not
1052 3754 1085 3807 at
1098 3750 1141 3807 all
1154 3749 1344 3826 improbable

128 3846 199 3903 that
212 3843 278 3901 itis
293 3841 417 3900 derived
432 3841 559 3919 direetly
574 3861 609 3900 or
621 3840 792 3917 ¹indireotly
806 3840 889 3898 from
899 3840 951 3899 the
969 3839 1182 3914 &postremos
1198 3838 1234 3914 Q.
1251 3839 1342 3899 Octa·

129 3937 201 3996 vius
222 3934 337 3992 Avitus
355 3930 547 4011 (Suetonius,
561 3932 638 3992 Vita
650 3931 783 4009 Vergilii
795 3931 863 4008 45),
891 3950 910 3990 a
930 3930 1017 3989 work
1035 3932 1069 3988 in
1093 3930 1180 4008 eight
1198 3931 1344 4001 volumes,

128 4029 234 4088 which
255 4031 360 4105 “quos
375 4032 406 4084 et
422 4026 505 4084 unde
525 4045 632 4084 versus
652 4024 849 4083 transtulerit
870 4022 1059 4083 contineut.''
1102 4021 1168 4081 One
1189 4023 1215 4081 is
1236 4023 1344 4081 struck

129 4127 165 4181 at
179 4141 255 4180 once
270 4120 346 4179 with
359 4118 412 4177 the
427 4119 507 4177 close
522 4118 731 4176 resemblance
752 4117 890 4175 between
903 4115 990 4174 these
1005 4114 1104 4173 words
1122 4114 1184 4172 aud
1206 4114 1294 4174 those
1313 4114 1346 4174 oi

130 4214 317 4284 Macrobius,
340 4213 367 4270 5.
391 4210 416 4270 7.
439 4211 465 4284 7,
488 4211 621 4289 “capita
640 4210 786 4280 locorum,
807 4210 862 4269 ubi
883 4210 976 4286 longa
998 4207 1134 4268 narratio
1159 4214 1214 4280 est,
1233 4208 1346 4266 dixisse

181 4355 192 4384 ⁸
209 4352 266 4402 The
279 4351 360 4402 whole
372 4352 491 4416 question
501 4350 531 4400 ot
544 4350 699 4400 translation
711 4349 777 4400 from
792 4349 880 4399 Greek
892 4353 964 4415 poeta
979 4350 1035 4400 into
1049 4349 1129 4399 Latin
1140 4350 1163 4400 is
1173 4348 1308 4399 discussed
1318 4348 1346 4399 in

131 4431 238 4482 Gellius
248 4431 271 4480 9.
284 4431 308 4489 9,
319 4429 405 4480 where
416 4444 433 4479 a
443 4429 568 4479 oritioism
581 4429 609 4478 oi
624 4427 724 4478 Probus
739 4429 763 4478 is
777 4429 874 4494 quoted
888 4444 922 4479 on
939 4429 984 4480 the
1000 4443 1110 4494 passage
1124 4427 1205 4479 about
1218 4428 1305 4479 Diana
1319 4428 1349 4478 in

129 4510 178 4561 the
189 4509 247 4560 first
260 4507 369 4559 Aeneid
403 4506 529 4573 Compare
541 4508 595 4558 also
603 4506 705 4557 Gellius
718 4509 756 4556 13.
770 4509 809 4557 27.
