3250 5059
355 434 519 503 VIRGIL
542 433 642 502 AND
665 434 744 502 HIS
767 434 975 504 ANOIENT
998 435 1189 506 emulos.
1291 439 1372 505 xxxi

198 609 264 669 The
278 613 339 669 two
353 609 413 668 lest
426 611 596 668 eommunis
611 606 712 668 which
724 606 742 665 I
755 609 834 670 have
850 610 967 688 quoted
986 630 1038 670 are
1055 610 1171 690 plainly
1184 630 1319 672 onswers
1340 617 1372 672 to

153 701 267 763 hostile
280 701 443 762 criticisms
454 723 462 772 ;
475 700 509 759 in
522 701 575 759 the
588 701 658 774 last,
668 700 788 774 indeed,
797 701 853 764 the
864 722 941 782 very
953 704 1094 782 wording
1107 703 1140 763 oi
1153 704 1207 764 the
1221 704 1371 765 criticism

155 801 184 860 is
198 800 304 878 givenz
322 795 402 869 ocis
415 797 493 856 enim
507 802 548 856 est
566 816 644 857 curu
660 798 737 870 curi,
753 796 807 858 dre.
844 798 875 859 A
888 799 1006 860 coreful
1020 800 1128 861 reader
1140 800 1174 860 of
1187 800 1372 874 Macrobius,

156 894 228 953 who
242 893 297 952 has
311 891 458 951 observed
471 890 524 950 the
537 910 612 968 very
625 890 763 970 slovenly
776 892 856 971 style
870 893 903 951 oi
923 892 972 952 his
985 892 1174 971 patchwork‚
1190 893 1253 951 will
1266 894 1304 953 be
1317 899 1374 953 not

157 988 340 1047 disinclined
361 993 394 1046 to
411 986 494 1047 infer
513 986 583 1044 that
606 984 737 1064 perhaps
755 985 797 1044 ull
811 987 866 1046 the
879 1005 1023 1065 passages
1041 986 1157 1064 quoted
1177 985 1259 1046 from
1275 985 1291 1063 5
1307 987 1373 1046 2to

159 1080 176 1157 5
201 1080 238 1139 11
262 1079 296 1140 of
315 1079 378 1139 this
399 1078 528 1158 chapter
550 1078 613 1137 hod
633 1079 710 1138 been
737 1078 819 1137 fixed
843 1098 927 1158 upon
951 1078 1001 1139 for
1020 1077 1126 1138 attsek
1146 1080 1188 1157 by
1211 1078 1373 1139 collectore

159 1171 314 1254 (whether
330 1172 505 1233 Herennius
523 1193 559 1233 or
579 1170 695 1250 others)
715 1171 748 1232 oi
772 1172 826 1234 the
843 1173 919 1232 vitio
936 1171 1069 1249 Veryilii‚
1082 1171 1145 1231 und
1169 1192 1249 1232 were
1270 1173 1374 1233 subse·

158 1265 288 1344 quently
312 1263 462 1323 defended
485 1263 526 1343 by
549 1261 684 1341 friendly
705 1263 818 1322 critice.
860 1261 932 1323 And
955 1262 1029 1323 here
1051 1263 1079 1321 it
1102 1262 1166 1320 will
1187 1262 1226 1322 be
1248 1263 1318 1322 well
1340 1269 1373 1322 to

157 1376 299 1434 compare
313 1356 365 1416 the
382 1354 507 1416 Servius
521 1353 554 1414 of
574 1354 756 1415 Macrobins’
772 1355 923 1433 Dialogue
936 1356 1012 1414 with
1025 1354 1079 1413 the
1091 1354 1204 1413 scholio
1218 1353 1319 1414 which
1333 1376 1373 1433 go

157 1448 256 1509 under
268 1448 322 1509 the
334 1467 422 1508 nume
435 1448 468 1507 oi
485 1447 620 1521 Servius,
629 1446 662 1505 in
676 1448 773 1520 order,
787 1447 814 1506 ii
827 1447 967 1527 possible,
975 1451 1009 1507 to
1018 1446 1170 1506 esoertain
1180 1447 1233 1506 the
1244 1447 1373 1507 relation

157 1541 296 1602 between
308 1539 401 1599 them.
443 1536 461 1595 I
473 1538 550 1598 shall
564 1538 682 1598 erhihit
695 1537 749 1599 the
762 1543 825 1600 two
838 1538 872 1597 in
884 1539 1010 1616 parallel
1024 1537 1165 1598 columns
1175 1562 1226 1597 :-

246 1691 307 1742 Tres
323 1690 436 1742 Srnrrus
452 1703 485 1742 or
501 1689 664 1742 Msouonrus.
814 1692 875 1742 Tun
890 1692 1003 1745 sununs
1018 1706 1051 1744 or
1066 1707 1120 1744 rur
1139 1693 1335 1747 comunem.

192 1792 287 1843 Noites
292 1792 385 1870 scroto
396 1793 545 1843 uariunt
555 1791 614 1857 ipsa
624 1792 751 1844 creaverit
817 1791 911 1844 Sileni.

158 1858 475 1990 &miiitum
493 1922 575 1998 (leode
590 1922 678 2001 hicum,
689 1938 748 1975 curn
812 1925 879 1975 Aen.
888 1926 912 1974 9.
919 1925 977 1975 455.
999 1925 1077 1990 Hypo
1132 1929 1195 1976 eest
1205 1940 1251 1991 pro
1261 1926 1376 2040 tepidum

158 1988 409 2041 locusreoeoscuede
420 2004 485 2040 nove
496 1988 581 2040 dietus
592 1991 634 2041 sit.
780 1989 860 2039 locam
872 1992 965 2040 recenti
979 1991 1061 2040 ccede.
1122 1990 1173 2041 nde
1191 1991 1270 2042 multi
1293 1996 1377 2056 egunt

784 2056 945 2122 tepidumque
953 2057 1046 2106 recenti
1058 2055 1140 2106 Caede
1150 2056 1238 2106 boum.

194 2120 265 2172 Socii
285 2123 407 2171 cesserunt
427 2135 532 2185 decom
553 2121 629 2184 itero,
651 2134 697 2184 pro
719 2133 752 2170 eo
816 2123 882 2171 Aen
892 2123 929 2171 10.
941 2122 998 2173 444.
1020 2121 1072 2171 Pro
1082 2122 1135 2188 ipe·
1144 2122 1217 2172 iussi.
1242 2120 1377 2187 (Probus.)

160 2187 229 2254 quod
242 2188 282 2237 est
293 2187 358 2236 iussi
367 2190 497 2236 caurum.

196 2250 272 2303 caeo
284 2267 417 2316 »parrone
427 2251 549 2315 raeccine
555 2249 689 2314 flammas:
705 2249 752 2317 qui
818 2251 886 2302 Aen.
898 2253 937 2303 11.
949 2252 989 2302 82.
1022 2251 1072 2303 Pro
1083 2268 1216 2304 canorum.

159 2332 195 2369 ex
204 2317 287 2367 cresis
298 2316 420 2367 videlieet
432 2314 605 2380 profunditur.

198 2382 262 2433 Vota
283 2383 358 2432 mm
373 2383 457 2447 primo
475 2382 553 2431 victor
570 2380 677 2433 mordet
691 2380 752 2433 Eoo.
817 2385 886 2434 Aen.
899 2385 937 2434 11.
950 2384 973 2434 4.
1008 2382 1186 2436 subaudimus
1197 2388 1312 2451 tempore.

161 2448 213 2499 Pro
224 2464 289 2513 quae
299 2448 340 2497 dis
350 2452 407 2497 coto
418 2449 483 2497 sunt.

196 2512 238 2563 Ide
258 2516 392 2563 maceriem
412 2513 472 2561 cati
494 2511 596 2562 meede
617 2511 753 2577 sepulchro.
819 2514 1006 2566 conlecto.
1039 2514 1132 2566 silent

160 2579 242 2629 Alius
258 2578 374 2638 dixisset,
385 2581 409 2628 ct
423 2592 462 2628 crs
474 2581 606 2628 ecmortem
622 2581 682 2628 octo
696 2594 753 2628 oon·

159 2645 219 2695 cede
229 2643 360 2709 sepulchri.

195 2708 248 2759 Illo
265 2709 335 2758 οἰαηι
356 2707 466 2757 celerum
480 2723 527 2772 per
547 2706 615 2758 mille
634 2707 753 2759 coloribus
819 2710 886 2762 Aen.
906 2713 930 2762 5.
952 2713 1008 2762 609.
1046 2713 1104 2763 Aut
1125 2710 1251 2763 subaudis
1267 2712 1380 2778 sactum,

161 2790 264 2826 areum:
281 2773 310 2824 id
320 2776 514 2839 estpsrcroom
524 2773 719 2824 miilecolorom.
785 2779 834 2827 aut
844 2778 982 2841 antiptosis
993 2780 1033 2828 est
1043 2778 1112 2828 milis
1122 2777 1238 2830 colorum.

194 2839 285 2904 Spolia
308 2874 316 2889 .
339 2874 346 2888 .
371 2874 378 2888 .
403 2839 532 2888 coniciunt
552 2839 628 2904 ἱροῖς
656 2853 702 2903 pro
724 2840 754 2890 in
818 2843 887 2894 Aen.
900 2845 938 2893 ll.
951 2845 1007 2893 193.
1040 2843 1134 2895 Silent.

161 2907 304 3035 werpum
315 2968 366 3019 teto
376 2968 448 3019 modo
457 2972 532 3034 uteru
538 2968 617 3019 ocutis
623 2969 754 3035 &briccii
821 2973 888 3023 Aen.
900 2975 923 3022 5.
935 2974 991 3034 438,
1002 2976 1062 3034 exit,
1073 2974 1149 3036 vitat,
1160 2973 1290 3025 declinat:
1308 2974 1380 3026 unde

161 3037 208 3087 bue
218 3037 278 3087 ecit
314 3034 374 3086 Teio
384 3036 444 3094 ecit,
455 3049 502 3100 pro
512 3036 585 3085 citat.
787 3037 821 3087 de
838 3038 940 3088 Venulo
956 3041 1081 3102 (11750)
1097 3044 1121 3090 et
1138 3041 1189 3090 cim
1206 3041 1303 3090 viribus
1319 3042 1379 3091 ecit.

789 3103 825 3153 Et
837 3102 885 3152 hoc
896 3104 974 3153 verbo
986 3103 1026 3154 bis
1037 3119 1101 3155 usus
1112 3108 1160 3155 est.

196 3167 286 3219 Senior
296 3165 343 3216 icto
359 3167 478 3217 concutio
493 3165 592 3218 luminu
603 3165 694 3226 sutrin
710 3180 756 3231 pro
821 3169 887 3219 Aen.
910 3171 948 3218 10.
967 3172 1024 3219 418.
1043 3174 1090 3220 aut
1111 3169 1254 3233 hypallage
1275 3173 1315 3220 est
1334 3185 1381 3235 pro

161 3231 393 3285 merendis
788 3235 843 3284 ise
870 3250 969 3293 cuneos,
991 3237 1038 3285 eut
1064 3234 1099 3299 ph
1118 3236 1199 3284 sicam
1226 3250 1279 3285 rem
1306 3235 1380 3286 dicit.

789 3251 921 3415 {poenum
938 3299 1009 3349 enim
1026 3250 1144 3366 pupilice
1161 3301 1251 3351 mortis
1266 3303 1381 3366 ternpore

788 3379 804 3415 a
849 3380 925 3415 scere.

196 3428 550 3494 Eumequcarborir‘uotro:
566 3442 613 3492 pro
623 3444 739 3479 moeros.
821 3429 915 3492 Georg.
927 3430 950 3480 4.
962 3430 1002 3479 44.
1036 3429 1131 3482 Sileni.

197 3494 316 3545 Frontem
326 3495 608 3559 obmnnmmpisorat.
629 3493 757 3545 Arainon
822 3497 925 3547 Aeni.
937 3497 993 3546 417.
1027 3495 1119 3546 Sileni.

163 3560 247 3611 nimie
259 3559 305 3609 sed
316 3559 424 3623 pulchre
435 3558 542 3609 dietum.

200 3626 247 3676 Ter
268 3626 364 3674 circum
384 3629 471 3674 cacto
491 3624 635 3688 circumfert
652 3626 757 3691 tsymiue
823 3626 891 3677 Aen.
904 3626 943 3677 10.
955 3626 1012 3677 887.
1045 3625 1138 3678 Sileni.

164 3690 264 3742 siloam.
299 3690 350 3740 Pro
361 3690 460 3740 incolis.

202 3757 249 3808 Vir
259 3756 349 3822 crepis,
361 3770 408 3820 pro
419 3770 503 3821 capro.
826 3756 883 3808 Eel.
894 3759 941 3809 ‘m
950 3756 1047 3822 (Dan).
1064 3758 1191 3809 Horatius
1200 3758 1262 3821 (Od.
1270 3762 1293 3812 l.
1306 3761 1344 3811 17.
1354 3761 1383 3823 7)

790 3823 880 3873 olentis
897 3824 984 3873 uxoris
1001 3825 1099 3886 mariti,
1119 3826 1146 3875 et
1165 3824 1323 3876 Theocritus
1345 3828 1382 3891 (8.

789 3890 835 3951 49)
846 3889 864 3938 ὦ
875 3889 961 3954 τράγε,
973 3892 1021 3940 τᾶν
1031 3892 1123 3940 λευκᾶν
1134 3890 1208 3953 αἰγῶν
1219 3892 1284 3956 ἄνερ.

201 3951 301 4018 Orqu
331 3952 463 4002 coriicsbus
497 3955 599 4003 mmuut
632 3952 757 4004 bonomo
823 3954 917 4018 Georg.
930 3957 953 4004 2.
965 3956 1021 4006 387.
1034 3956 1082 4020 qui
1094 3971 1126 4007 ea
1140 3955 1266 4020 (ludlcra)
1279 3972 1385 4008 exerce·

165 4019 271 4069 coeatis.
307 4016 359 4068 Ora
370 4032 416 4083 pro
428 4018 551 4081 personis.
791 4019 979 4134 lppptbproptetr
990 4021 1171 4071 verecundiam
1182 4023 1324 4139 repuediupn
1335 4022 1383 4073 hoc

845 4100 977 4148 ruernn,
997 4101 1030 4136 ne
1047 4101 1202 4150 agnosceren
1216 4103 1255 4150 ur,
1278 4103 1296 4137 u
1328 4103 1385 4152 per·

791 4165 867 4265 sonps
880 4151 962 4202 saetas
973 4150 1006 4202 de
1017 4149 1136 4202 arborum
1150 4154 1286 4204 corticibus
1300 4168 1385 4204 sume·

793 4231 838 4265 ren
852 4253 858 4266 .

199 4278 315 4330 Discolor
328 4279 396 4330 onds
410 4282 472 4330 ouri
484 4296 530 4346 per
544 4295 627 4330 ramos
641 4296 708 4330 ocra
723 4296 760 4331 re·
827 4283 892 4331 Aen.
904 4284 928 4332 6.
941 4282 997 4331 204.
1025 4282 1177 4342 duricors,
1188 4284 1308 4349 splendor
1319 4284 1384 4335 suri.

168 4344 246 4398 tuuis.
291 4344 363 4403 Quid
385 4347 453 4395 enim
474 4349 515 4396 est
538 4361 604 4396 aura
625 4348 693 4408 auri,
713 4350 760 4398 sut
792 4346 917 4397 Horatius
936 4347 998 4410 (Od.
1016 4350 1038 4398 2.
1056 4351 1079 4398 8.
1100 4349 1140 4406 231
1161 4353 1207 4398 tua
1224 4367 1255 4400 ue
1274 4351 1384 4400 retardet

167 4409 384 4475 quemadmodum
392 4409 590 4477 cerecesolpeti
615 4410 759 4462 Sedtomen
792 4413 866 4461 Auro
895 4415 1006 4473 meritos,
1033 4413 1074 4463 ie.
1102 4415 1230 4528 splendor.
1264 4415 1335 4465 Hine
1357 4420 1384 4464 et

166 4474 276 4540 pulchre
289 4475 433 4540 usurpavit.
791 4476 999 4593 curpplrodicitnr
1009 4491 1026 4529 a
1036 4477 1111 4543 splen
1130 4494 1174 4530 ore
1188 4481 1235 4544 qui
1250 4481 1290 4529 est
1308 4480 1337 4529 iu
1353 4493 1384 4529 eo

791 4556 833 4593 me
898 4578 905 4594 .
