3250 5059
223 437 340 504 lxxxvi
379 434 472 502 THE
494 433 705 502 ANCIENT
728 430 1103 500 COMMENTATORS
1126 431 1190 500 ΟΝ
1212 431 1387 500 VIRGIL.

628 670 802 744 NONlUS,
823 670 944 731 BOOK
963 670 1024 729 ΙΙΙ.

268 806 302 864 Ρ.
315 804 382 877 194,
398 805 473 863 bobo
488 802 607 881 generis
621 802 769 861 feminini.
805 802 964 879 Vergilius
977 800 1129 860 Aeneidos
1142 801 1195 862 lib.
1211 801 1267 860 IV.
1284 802 1433 879 “solaque

225 896 408 957 culminibus
418 895 506 955 ferali
515 894 647 952 carmine
657 894 766 952 bubo.”
783 892 901 952 Genera
909 893 1086 952 masculino.
1104 892 1217 951 Asellio
1226 893 1433 952 Historiarum

226 990 278 1051 lib.
297 989 321 1048 Ι.
338 993 356 1021 “
366 993 397 1049 11
410 988 492 1066 quod
505 988 585 1046 bubo
599 988 633 1045 in
646 988 785 1045 columna
799 986 883 1045 aedis
896 985 979 1045 Iovis
992 987 1099 1045 sedens
1112 991 1292 1064 conspectus
1306 987 1381 1045 est.’'

268 1081 355 1141 Serv.
376 1080 414 1139 A.
438 1082 468 1139 4.
491 1080 560 1152 462,
584 1081 647 1137 sola
668 1087 775 1137 eontra
797 1097 895 1155 genus
921 1079 1033 1154 posuit.
1074 1078 1217 1136 Lucanus
1249 1081 1308 1137 “et
1335 1078 1433 1137 laetae

225 1172 366 1231 iurantur
378 1191 449 1230 aves
470 1172 591 1230 bubone
610 1169 764 1229 sinistro.''
805 1169 886 1227 Item
900 1168 1030 1228 Ovidius
1052 1169 1225 1228 “infandus
1238 1170 1350 1229 bubo.'’
1391 1169 1434 1228 Et

225 1264 283 1323 hoc
297 1269 344 1323 est
357 1263 390 1321 in
404 1282 471 1333 111,
485 1263 538 1321 sed
550 1260 708 1339 Vergilius
720 1261 864 1332 mutarit,
878 1260 1013 1319 referens
1026 1261 1065 1320 ad
1078 1281 1175 1320 avem.

266 1354 372 1433 Oomp.
388 1354 526 1413 Priscian
540 1351 567 1425 1,
582 1373 611 1430 p.
626 1353 695 1412 206.
737 1351 770 1410 Ie
784 1353 837 1411 the
850 1356 922 1410 note
934 1352 1015 1411 from
1030 1352 1127 1431 Caper
1140 1374 1175 1413 or
1189 1351 1333 1412 Probus?

268 1443 727 1516 Ρ.106-7,11111111111111111.
760 1444 919 1515 Horatius,
935 1446 1044 1521 “quod
1057 1445 1203 1523 pulchrae
1217 1447 1328 1515 clunes,
1344 1447 1435 1505 breve

226 1539 309 1617 quod
332 1542 432 1616 caput,
456 1537 552 1595 ardua
574 1536 707 1595 cerrix.’'
747 1535 926 1607 Masculin0,
949 1536 1080 1595 Plautus
1099 1536 1243 1614 Agroico,
1265 1539 1382 1614 “quam
1407 1538 1436 1596 si

226 1633 327 1710 lupus,
342 1632 381 1690 ab
393 1630 485 1689 armis
499 1630 594 1700 valeo,
609 1630 714 1689 clunes
729 1630 866 1688 deiectos
880 1629 983 1705 gero.''

267 1724 450 1784 ’1111111111
463 1723 496 1782 of
508 1723 571 1781 this
584 1727 658 1781 note
670 1722 697 1781 is
710 1722 886 1800 ultimately
894 1721 1024 1781 Verrius
1044 1721 1188 1795 Flaoone3
1209 1722 1325 1795 Festus,
1341 1742 1370 1799 p.
1386 1723 1434 1794 61,

227 1818 327 1876 11111111
339 1814 520 1873 masculino:
536 1814 665 1872 Plautus
681 1814 795 1891 “quasi
806 1814 906 1891 lupus,
915 1815 954 1873 ab
967 1815 1060 1872 armis
1074 1815 1167 1886 valeo,
1179 1815 1285 1874 clunes
1299 1815 1436 1873 delectos

225 1908 328 1987 gero.’'
369 1905 434 1965 But
447 1907 474 1964 it
485 1911 570 1965 must
583 1907 662 1965 have
675 1907 751 1966 been
767 1910 865 1965 recast
879 1907 940 1965 and
953 1906 1139 1984 augmented
1156 1908 1197 1983 by
1210 1908 1289 1966 later
1301 1907 1436 1967 scholare

226 2000 330 2061 before
342 1999 369 2057 it
381 2017 445 2057 was
463 1999 539 2058 used
556 2000 598 2077 by
617 1997 741 2058 Servius
756 1995 807 2078 (A.
824 1999 852 2057 2.
868 1996 952 2078 554),
967 2001 1064 2058 11111111
1084 1998 1237 2059 Iuvenalis
1257 2000 1435 2072 benedixit,

226 2090 387 2151 “tremulo
407 2090 594 2149 descendant
614 2090 705 2149 11111
724 2091 874 2168 puellae,”
896 2090 1045 2149 Horatius
1065 2091 1144 2150 male
1164 2092 1275 2169 “quod
1290 2093 1436 2170 pulchrae

225 2183 359 2244 cluues.”
400 2183 539 2242 Priscian
552 2183 579 2255 1,
595 2202 625 2260 p.
641 2182 708 2255 160,
722 2183 892 2242 illustratas
908 2184 949 2260 by
967 2183 1020 2242 the
1038 2203 1119 2242 same
1140 2184 1201 2242 line
1221 2184 1302 2243 from
1314 2184 1435 2245 Horace

225 2275 287 2335 and
311 2295 368 2334 one
390 2273 459 2352 (the
480 2292 564 2332 same
582 2271 614 2352 Ρ)
634 2273 716 2333 from
734 2274 884 2334 Juvenal:
908 2273 1072 2348 Charisius,
1091 2296 1120 2354 p.
1136 2276 1204 2348 101,
1218 2278 1260 2354 by
1280 2277 1333 2335 the
1352 2296 1436 2338 same

226 2366 356 2440 Horace,
375 2367 437 2425 and
450 2384 594 2443 passages
613 2365 695 2423 from
717 2365 864 2425 Scaevola
876 2365 938 2424 aud
959 2366 1114 2426 Laberius.
1156 2367 1220 2426 The
1243 2369 1324 2446 gloss
1340 2370 1373 2427 in
1396 2370 1436 2428 its

227 2459 301 2517 final
321 2458 402 2516 form
424 2476 458 2515 as
478 2457 571 2532 given
589 2457 631 2534 by
653 2455 779 2515 Servius
791 2456 895 2515 would
915 2477 996 2516 seem
1012 2461 1045 2516 to
1061 2460 1099 2517 be
1120 2459 1200 2516 later
1219 2459 1294 2517 thau
1308 2460 1436 2532 Probus,

227 2551 331 2610 unless
343 2548 454 2607 indeed
466 2548 493 2606 it
506 2549 533 2606 ie
546 2547 676 2625 possible
686 2548 755 2607 that
767 2547 807 2606 he
821 2548 911 2606 could
925 2548 1002 2608 have
1015 2550 1128 2626 quoted
1141 2550 1221 2607 from
1235 2550 1256 2609 J
1257 2552 1375 2611 uvenal.

267 2643 302 2703 P.
326 2642 393 2715 200,
423 2642 504 2700 calor
531 2641 651 2719 generis
678 2641 850 2699 masculini.
891 2641 1049 2719 Vergilius
1073 2641 1290 2720 Georgicorum
1313 2644 1366 2703 lib.
1392 2644 1434 2702 Π.

229 2734 379 2794 “Sinon
400 2737 489 2793 tanta
512 2733 598 2810 quies
625 2734 685 2792 iret
711 2734 891 2811 caelumque
918 2736 1109 2813 caloremque
1138 2735 1251 2795 Inter.”
1304 2735 1435 2796 Neutri:

228 2825 356 2887 Plautus
369 2826 548 2897 Mercatore,
565 2829 691 2903 “neque
705 2827 786 2885 calor
798 2846 898 2903 neque
911 2828 1013 2904 frigus
1026 2828 1159 2887 metuo.”

268 2919 489 2997 Philargyrius,
513 2917 550 2977 G.
574 2919 601 2976 2.
621 2919 680 2977 344
706 2917 878 3001 (frigusque
900 2922 1083 2996 caloremque
1106 2918 1225 2997 Inter):
1246 2920 1309 2978 fuit
1335 2926 1437 2980 autem

228 3014 313 3093 prior
325 3012 414 3071 lectio
422 3011 584 3089 friqosque
603 3012 761 3088 calorque:
783 3016 821 3069 ut
834 3013 964 3072 Plautus
985 3016 1003 3043 “
1012 3033 1112 3090 neque
1130 3011 1230 3091 frigus
1243 3032 1342 3090 neque
1355 3013 1438 3072 calor

227 3110 333 3165 metuo
345 3122 443 3181 neque
458 3107 584 3161 ventum
598 3122 697 3180 neque
711 3102 922 3180 grandinem.”

270 3197 305 3256 P.
320 3195 388 3267 202,
404 3214 520 3252 croceae
534 3194 654 3272 generis
667 3195 778 3253 neutri.
821 3193 985 3254 Sallustius
999 3194 1209 3254 Historiarum
1224 3194 1276 3253 lib.
1291 3194 1335 3253 ΙΙ.
1350 3195 1438 3254 “iter

228 3288 324 3348 vertit
343 3287 383 3345 ad
404 3283 565 3363 Corycum,
590 3285 699 3345 urbem
718 3285 868 3344 inclutam
888 3286 1027 3363 pastibus
1053 3291 1146 3362 atque
1172 3304 1295 3343 nemore
1316 3285 1350 3343 in
1376 3305 1437 3363 quo

229 3403 352 3443 crocum
366 3380 538 3457 gignitur.’‘

270 3470 451 3530 Masculiui:
485 3469 644 3545 Vergilius
679 3467 897 3546 Georgicorum
923 3467 976 3527 lib.
1000 3467 1056 3525 IV.
1087 3468 1149 3525 “et
1175 3466 1301 3544 glaucas
1322 3465 1437 3537 salices,

193 3605 202 3614 -
230 3565 403 3640 casiamque
417 3580 600 3639 crocumque
612 3561 802 3620 rubentem”

275 3656 408 3728 Servius,
433 3653 523 3713 (1.1.
546 3653 614 3728 182,
646 3654 811 3714 Sallustius
841 3653 874 3710 in
901 3651 1038 3711 historiis
1066 3651 1110 3711 ait
1139 3650 1201 3709 “in
1232 3669 1293 3728 quo
1317 3669 1440 3710 crocum
1549 3687 1556 3694 -

232 3748 402 3829 gignitur,”
417 3767 528 3825 genere
540 3753 650 3806 neutro
664 3746 832 3806 secuudum
845 3749 942 3803 artem
956 3765 1040 3804 1111.

271 3841 598 3915 Ρ.209,1’1111111111’11111
625 3841 744 3916 generis
778 3840 889 3899 neutri
945 3838 1116 3909 Feminiui;
1151 3836 1302 3897 Caecilius
1326 3837 1441 3910 Plocio,

233 3934 457 4011 “consequitur
470 3952 570 3991 comes
584 3933 766 3991 insomnia.''

272 4025 390 4086 Charis.
405 4046 434 4103 p.
449 4023 505 4082 101
521 4028 629 4100 quotes
644 4024 795 4082 Pacuvius
809 4024 843 4082 in
857 4027 987 4100 support
1000 4021 1033 4081 oi
1048 4022 1101 4080 the
1115 4021 1261 4081 feminine
1274 4021 1364 4093 form,
1378 4020 1440 4080 and

232 4117 337 4196 Virgil
351 4117 387 4174 A.
404 4117 433 4174 4.
448 4115 479 4173 9:
498 4114 623 4174 Servius
637 4134 677 4173 on
689 4115 753 4173 this
767 4135 895 4193 passage
910 4133 987 4191 says,
1002 4114 1183 4173 sciendum.
1198 4155 1207 4170 .
1226 4113 1299 4190 quia
1311 4113 1338 4171 si
1353 4118 1442 4170 111111

232 4207 412 4289 (insomnio)
436 4206 612 4278 dixerimus,
632 4206 758 4283 antiqua
779 4207 840 4267 erit
860 4206 1000 4266 elocutio.
1042 4205 1197 4265 Iasomoia
1215 4206 1305 4276 enim,
1321 4205 1394 4263 licet
1411 4208 1443 4261 et
1516 4239 1520 4242 -

232 4300 384 4358 Pacuvius
398 4304 429 4358 et
442 4299 561 4358 Ennius
580 4299 758 4376 frequenter
779 4300 922 4373 dixerint,
938 4297 1057 4357 Plinius
1077 4303 1181 4356 tamen
1200 4297 1331 4357 exclusit
1350 4301 1382 4356 et
1402 4296 1440 4353 de

232 4392 442 4450 nsuremorit.

273 4483 306 4540 P.
330 4483 523 4557 225,11111111
540 4482 687 4543 feminino
704 4503 822 4563 genere.
864 4483 1045 4556 Masculino,
1059 4482 1191 4540 Plautus
1205 4480 1437 4560 Amphitruone,
