3250 5059
260 420 337 485 xciv
395 414 488 482 THE
510 412 716 481 ANCIENT
739 411 1115 482 COMMENTATORS
1138 412 1203 481 ΟΝ
1227 414 1400 482 VIRCIL.

300 591 335 648 P.
349 588 417 660 416,
431 608 542 646 cecam
559 593 606 646 est
627 587 766 645 mendax.
808 586 968 665 Vergilius
987 584 1140 647 Aeneidos
1160 588 1211 646 lib.
1227 587 1252 646 Ι.
1276 590 1336 647 “ni
1350 590 1469 649 frustra

258 681 425 759 augurium
445 680 516 739 vani
539 679 670 738 docuere
696 679 867 757 parentes.”
917 680 1226 741 Νο010011100110100
1245 681 1367 742 further
1387 682 1469 743 110111

262 773 380 834 Sallust
392 772 454 830 and
468 771 583 831 Cicero.

299 863 435 934 Servius,
448 862 484 921 A.
497 863 522 921 l.
534 863 592 922 392
602 860 724 940 (Dan),
736 863 862 938 quidam
872 864 945 921 0001
955 864 1109 921 mendaces
1120 866 1257 925 tradunt.
1300 867 1468 927 Sallustius

258 957 291 1014 in
313 955 474 1033 Iugurtha,
491 959 510 986 “
520 975 592 1012 nam
612 974 670 1031 ego
683 953 808 1031 quidem
821 954 932 1013 vellem
946 959 977 1014 et
991 955 1063 1013 11000
1077 975 1154 1033 qnae
1166 958 1264 1016 scribo
1279 958 1376 1017 atille
1389 979 1468 1036 quae

257 1053 347 1108 antea
374 1048 408 1105 in
429 1050 536 1105 senatu
560 1049 684 1123 questus
706 1064 775 1104 sum
797 1064 878 1104 vana
898 1045 1000 1105 forent
1020 1046 1131 1123 potius,
1153 1069 1245 1125 quam
1266 1048 1388 1108 miseria
1400 1069 1469 1109 mea

259 1139 349 1198 fidem
362 1137 463 1198 verbis
472 1134 615 1196 faceret.'’
651 1136 813 1194 Terentius
827 1136 861 1195 iu
873 1136 1065 1208 Phormione,
1075 1138 1129 1196 ubi
1138 1140 1316 1200 adulescens
1329 1141 1469 1200 lenonem

257 1230 409 1289 mendacii
421 1230 532 1306 arguit,
548 1233 565 1260 “
576 1229 647 1287 Nou
661 1233 692 1287 te
706 1228 801 1304 pudet
814 1228 960 1287 vanitatis
971 1227 1015 1288 ”i

299 1323 417 1383 Gellius
441 1322 489 1381 18.
516 1322 537 1379 4
560 1323 727 1381 illustratas
752 1321 806 1380 the
834 1340 917 1381 same
943 1342 1029 1382 sense
1056 1324 1090 1382 of
1116 1344 1211 1383 00000
1231 1324 1312 1383 from
1338 1326 1468 1385 another

257 1436 385 1496 passage
408 1415 441 1474 oi
467 1415 592 1486 Sallust,
615 1412 731 1490 quoted
751 1414 871 1472 neither
893 1414 934 1491 by
947 1412 1066 1473 Nonius
1084 1435 1141 1474 nor
1162 1416 1298 1476 Servius.
1338 1417 1400 1476 For
1413 1417 1467 1477 the

255 1512 428 1590 etymology
442 1508 633 1568 0100001110
647 1508 743 1565 refers
756 1511 789 1565 to
803 1506 950 1584 Nigidius
964 1506 1102 1584 Figulus.

298 1602 333 1662 P.
353 1602 549 1671 4290011010
566 1602 612 1659 est
630 1598 758 1657 trahere.
800 1598 959 1676 Vergilius
975 1598 1027 1657 lib.
1042 1597 1067 1656 I.
1083 1602 1100 1631 “
1112 1600 1226 1678 quippe
1245 1600 1348 1660 ferant
1364 1601 1467 1679 rapidi

256 1718 367 1770 secum,
382 1701 567 1772 verrantque
580 1713 635 1771 per
646 1693 765 1751 auras.'’

299 1790 434 1861 Servius,
449 1787 487 1846 A.
503 1788 530 1846 1.
545 1787 593 1856 59,
607 1806 721 1845 0011010
729 1790 776 1845 est
789 1786 919 1856 trahere,
933 1792 1034 1860 arete,
1048 1787 1131 1864 quod
1145 1788 1329 1848 verriculum
1342 1788 1463 1847 dicitur.

257 1883 284 1941 1.
299 1881 368 1955 478,
378 1901 462 1941 verce
475 1884 583 1948 tracta,
594 1885 632 1937 ut
644 1878 776 1937 Plautus
787 1882 805 1909 ‘⁴
816 1878 969 1938 inveniam
982 1879 1189 1951 omniaversa,
1201 1881 1333 1959 sparsa.’'
1367 1881 1467 1942 Venit

254 1981 360 2035 autem
372 1976 412 2032 ab
426 1994 461 2032 eo
475 1973 557 2049 quod
571 1976 618 2030 est
630 1991 739 2029 001101.
783 1971 826 2031 So
840 1970 957 2030 Isidore
977 1972 1024 2031 19.
1040 1975 1068 2032 5.
1083 1974 1110 2032 3.

297 2067 332 2125 Ρ.
354 2067 423 2138 421,
447 2065 554 2140 cepido
574 2068 606 2122 et
626 2083 709 2121 emor
728 2062 810 2120 idem
830 2063 1002 2139 significum
1022 2064 1176 2124 videntur.
1234 2065 1276 2125 Et
1302 2064 1394 2146 (ati)
1417 2071 1466 2126 est
1584 2040 1587 2052 .

255 2160 426 2221 diversitas.
468 2158 584 2233 Cupido
604 2156 686 2216 enim
706 2154 947 2214 inconsideratae
964 2161 1013 2215 est
1031 2158 1232 2230 necessitatis,
1251 2179 1335 2218 emor
1347 2159 1462 2218 indicii

257 2254 383 2311 Plautus
401 2249 625 2309 Bacchidibus:
660 2246 830 2324 “Cupidon
847 2251 950 2306 tecum
970 2249 1076 2320 saevit,
1096 2269 1176 2309 aune
1193 2249 1335 2310 amor''i'
1376 2251 1465 2311 Idem

255 2346 289 2403 in
306 2343 491 2405 Curculione
512 2339 665 2411 discrevit,
679 2345 712 2397 et
730 2338 794 2397 vim
815 2339 951 2398 eiusdem
972 2340 1160 2399 diversitatis
1178 2342 1334 2420 expressit,
1349 2341 1462 2417 dicens,

256 2440 347 2514 “quo
375 2435 484 2495 Venus
516 2433 698 2510 Cupidoque
725 2432 864 2510 imperat,
891 2432 1062 2511 suadetque
1086 2432 1212 2493 Amor.''
1255 2435 1405 2496 Afranius
1430 2437 1464 2496 in

256 2529 374 2597 Omine,
390 2525 532 2585 “amabit
545 2524 674 2601 sapiens,
689 2525 817 2601 cupient
830 2523 950 2583 ceteri.'’

296 2620 431 2688 Servius,
445 2617 482 2674 A.
496 2617 524 2675 4.
541 2616 599 2674 194
615 2615 765 2693 (Daniel),
781 2615 835 2672 has
849 2615 903 2674 the
918 2634 1000 2675 same
1014 2619 1086 2675 note
1103 2616 1165 2674 aud
1183 2616 1236 2676 the
1253 2637 1337 2677 same
1357 2624 1466 2697 quota·

253 2714 351 2772 tiens:
373 2712 430 2770 hut
442 2710 496 2769 the
510 2728 596 2768 verse
609 2709 641 2768 of
651 2707 801 2767 Afranius
815 2708 842 2766 is
856 2709 970 2785 quoted
985 2710 1070 2787 from
1084 2711 1131 2768 tte
1143 2710 1263 2769 Neaera
1276 2732 1310 2771 as
1323 2712 1460 2773 follows:

254 2806 360 2865 “alius
373 2810 421 2864 est
434 2823 528 2874 amor,
542 2803 620 2861 alius
635 2802 772 2879 Cupido:
794 2805 900 2859 amant
913 2802 1074 2880 sapientes,
1088 2803 1213 2881 cupient
1225 2805 1348 2863 ceteri.''

293 2897 386 2957 From
399 2897 453 2956 the
465 2895 637 2972 remaining
646 2894 743 2953 books
752 2892 785 2952 of
798 2892 919 2952 Nonius
929 2892 945 2950 Ι
954 2899 1045 2971 quote
1055 2895 1109 2953 the
1118 2894 1276 2973 following
1289 2895 1460 2958 instances:

298 2991 333 3048 P.
346 2989 415 3059 439,
429 2989 573 3046 simulare
593 2992 640 3046 est
660 2985 776 3062 fingere
799 2984 877 3044 scire
900 3004 979 3061 quae
996 2986 1121 3056 nescias,
1141 2986 1328 3046 dissimiliore
1346 2989 1462 3066 fingere

252 3081 370 3142 nescire
377 3079 549 3158 quaesoias.
575 3078 738 3138 Sallustius
747 3077 777 3133 iu
790 3076 941 3136 Catilinae
950 3077 1036 3147 bello,
1052 3078 1162 3137 “ouius
1170 3078 1244 3137 libet
1251 3079 1295 3137 rei
1303 3080 1461 3141 simulator

252 3194 288 3234 ao
303 3171 538 3232 dissimulator.”

295 3265 430 3336 Servius,
465 3263 504 3322 A.
540 3264 567 3322 1.
601 3261 669 3333 516,
697 3262 920 3320 dissimulamus
952 3266 1034 3331 nota,
1062 3262 1240 3321 simulemus
1262 3263 1388 3341 ignota3
1422 3271 1461 3324 ut

255 3356 430 3427 Sallustius,
446 3355 635 3413 “simulator
647 3373 683 3413 00
698 3353 933 3412 dissimulator.’'
1249 3427 1251 3434 y

294 3450 328 3507 P.
352 3445 422 3520 470,
444 3447 570 3525 11190001
585 3466 641 3524 pro
660 3446 804 3524 11000101
824 3466 899 3503 scin.
953 3444 1067 3504 Accius
1087 3444 1262 3523 Meleagro:
1292 3450 1461 3508 “remanet

251 3541 351 3620 gloria
370 3541 449 3618 apud
478 3560 546 3598 me:
581 3539 706 3598 exuvias
724 3538 850 3616 dignari
867 3539 1032 3597 Atalantae
1049 3538 1151 3596 dare.”
1203 3538 1354 3599 Pacuvius
1380 3539 1459 3599 Her·

252 3634 373 3691 11110001
395 3637 413 3663 “
423 3651 516 3710 quom
529 3651 627 3708 neque
642 3651 689 3689 me
702 3630 837 3708 aspicere
850 3630 992 3708 aequales
1005 3629 1170 3706 dignareut
1183 3631 1296 3688 meae.''

295 3723 429 3795 Servius,
450 3724 489 3780 A.
504 3723 552 3781 11.
567 3723 622 3782 169
637 3720 758 3798 (Dan),
771 3721 897 3798 diqaer:
919 3720 972 3778 alii
982 3721 1102 3798 dicaam
1108 3720 1225 3796 legunt,
1234 3722 1323 3780 iuxta
1332 3727 1458 3797 veteres,

251 3816 291 3876 ab
303 3836 338 3873 eo
349 3814 430 3891 quod
438 3820 485 3873 est
495 3815 594 3891 clipeo.
637 3813 749 3873 Calvus
762 3837 769 3871 z
793 3815 810 3843 “
820 3812 902 3870 hunc
911 3816 999 3871 tanto
1007 3831 1132 3871 munere
1143 3811 1266 3890 digna.’'
1306 3813 1460 3875 Pacuvius

252 3909 285 3967 in
299 3908 486 3967 Hermionae
510 3911 527 3936 “
536 3927 629 3983 quom
640 3925 739 3984 neque
752 3925 801 3963 me
815 3905 965 3982 inspicere
982 3905 1124 3981 aequales
1138 3903 1327 3981 dignarent”
1375 3906 1460 3968 Hinc

250 4001 316 4077 ipse
329 3999 496 4077 Vergilius,
512 3998 683 4075 “coniugio
703 3997 841 4055 Anchisa
854 3996 986 4055 Veneris
1006 3996 1130 4074 dignate
1151 3998 1310 4073 superbo.''
1351 3998 1458 4078 Comp.

255 4092 342 4152 Serv.
357 4091 396 4150 A.
410 4092 438 4151 3.
460 4091 529 4153 475.

293 4183 328 4240 Ρ.
349 4182 418 4254 481,
437 4183 538 4258 potior
559 4182 646 4239 111001
664 4201 735 4252 rem,
757 4199 813 4259 pro
838 4180 895 4237 1110
915 4199 946 4236 re
962 4180 1070 4255 potior.
1117 4179 1278 4239 Terentius
1299 4180 1457 4259 Adelphis,

252 4274 331 4332 “ille
351 4274 428 4333 alter
447 4274 512 4332 sine
532 4274 633 4332 labore
653 4273 752 4350 patria
770 4272 890 4348 potitur
913 4270 1101 4331 commoda.'’
1145 4271 1277 4344 Servius,
1292 4274 1330 4333 A.
1345 4275 1374 4334 3.
1389 4275 1457 4348 278,
1583 4348 1586 4354 ¹

251 4371 359 4444 quotes
371 4365 425 4425 the
437 4385 521 4425 same
534 4366 633 4425 words
650 4365 732 4424 from
746 4365 878 4425 Terence
897 4365 929 4422 in
950 4364 1135 4423 illustratiou
1154 4364 1188 4424 01
1199 4368 1300 4442 potior
1314 4368 1389 4427 with
1404 4369 1458 4428 the

250 4456 435 4516 accusative.
