3250 5059
274 411 342 477 xcii
400 410 494 477 THE
516 409 723 478 ANOIENT
746 407 1121 478 COMMENTATORS
1143 408 1208 476 ΟΝ
1230 408 1404 477 VIRGIL.

273 586 497 663 terminumque
510 585 662 663 designat.
711 584 797 642 Then
811 584 963 656 hactenus,
975 584 1104 640 lateram
1117 588 1211 656 tenus,
1221 585 1337 660 capelo,
1349 604 1481 658 ormam,

269 679 351 753 pube
365 684 450 736 terme
461 698 513 736 are
527 678 641 756 quoted
654 678 735 737 from
748 677 861 754 Virgil.

313 769 420 832 Above
433 791 464 848 p.
479 768 537 830 375
555 771 587 829 N
587 771 674 830 onius
690 770 746 828 hus
763 768 933 837 remarked‚
939 767 1081 844 protinas
1101 768 1288 845 ubicumque
1305 770 1420 829 lectum
1434 775 1482 829 est

273 866 380 921 contra
402 882 494 921 usum
517 862 692 921 intellectus
714 859 883 919 communis
916 878 978 935 quo
1004 859 1110 916 statim
1134 859 1307 935 significare
1333 860 1479 934 creditur,

272 955 406 1033 positum
414 956 571 1015 invenitur
581 961 617 1015 ut
628 955 815 1032 sitprote'uos
823 951 984 1031 (protenus
995 952 1021 1029 ?)
1026 971 1126 1028 porro,
1135 971 1170 1010 ac
1178 953 1243 1009 siue
1254 954 1480 1026 intermissione,

272 1052 430 1110 continuo.-
453 1052 536 1128 quod
555 1051 696 1109 iunctum
710 1053 796 1106 tenus
813 1047 879 1105 eius
899 1045 1137 1123 significantium
1155 1045 1318 1105 coufirmat
1334 1048 1481 1106 adverbii.

272 1143 431 1222 Vergilius
444 1163 583 1221 namque,
603 1143 635 1201 iu
654 1125 847 1221 quocumque
863 1141 930 1198 loco
943 1145 1089 1216 protenus
1105 1138 1216 1216 posuit,
1231 1140 1290 1198 sub
1309 1139 1368 1199 hoe
1388 1160 1481 1199 sensu

270 1237 512 1315 intellegendum
525 1237 660 1314 reliquit.

313 1329 448 1402 Servius,
466 1328 503 1386 Ε.
525 1329 616 1402 1.13,
633 1333 786 1405 protenus,
800 1346 891 1404 porro
904 1329 1004 1394 tenus,
1020 1324 1054 1382 id
1067 1327 1121 1395 est,
1136 1323 1260 1400 longos
1273 1323 1388 1383 finibus
1410 1369 1417 1383 .
1439 1366 1448 1382 .
1471 1366 1480 1382 .

271 1420 336 1479 The
359 1420 481 1479 Servius
500 1420 532 1479 of
553 1420 662 1479 Daniel
683 1419 769 1487 adds,
784 1437 856 1476 nam
867 1422 1013 1493 protenus
1032 1434 1088 1492 per
1105 1434 1121 1472 e
1140 1413 1321 1474 adverbium
1341 1416 1409 1486 loci,
1424 1436 1481 1493 per

269 1512 284 1569 i
291 1513 434 1588 protinus
447 1510 625 1571 adverbium
638 1510 784 1586 temporis
797 1509 830 1566 id
843 1512 890 1566 est
899 1507 1012 1564 statim.

309 1604 398 1662 With
410 1604 464 1662 the
482 1608 555 1662 note
574 1602 752 1680 explaining
772 1605 857 1659 tecue
874 1599 1014 1676 as=fiuis
1031 1617 1130 1674 comp.
1144 1596 1243 1656 Iulius
1256 1597 1414 1657 Modestus
1427 1619 1477 1676 ap.

270 1695 405 1773 Philarg.
429 1694 466 1754 G.
492 1696 519 1755 3.
541 1695 588 1768 53,
610 1694 768 1753 Modestus
792 1699 879 1750 tenus
896 1711 953 1769 pro
967 1691 1032 1767 fico
1047 1689 1175 1766 accipit:
1197 1690 1327 1749 Verrius
1348 1690 1480 1749 Flaccus

269 1783 367 1863 (Fest.
380 1807 412 1864 p.
425 1785 500 1866 367)
516 1793 600 1846 tenos
620 1787 774 1864 significat
786 1783 889 1860 finem,
904 1788 941 1840 ut
960 1802 1033 1841 cum
1052 1781 1184 1840 dicimus
1205 1782 1364 1841 hacteuus:
1389 1782 1477 1841 Serv.

268 1878 307 1936 A.
323 1880 351 1938 6.
366 1881 414 1949 62,
429 1881 580 1952 hacteuus,
595 1880 762 1955 hucusque,
777 1878 809 1935 id
830 1881 884 1947 est,
904 1875 955 1933 hic
975 1876 1017 1932 sit
1037 1873 1115 1932 finis.
1155 1874 1237 1933 Nam
1257 1880 1342 1933 tenus
1355 1874 1478 1952 proprie

268 1975 315 2029 est
328 1977 464 2031 extrema
476 1991 547 2050 pars
560 1991 658 2043 arcus,
674 1977 710 2029 ut
725 1971 853 2029 Plautus
866 1966 1010 2027 ostendit.

309 2064 345 2122 Ρ.
366 2065 434 2137 378,
454 2070 564 2124 restore
591 2065 704 2124 dieitur
729 2082 902 2140 superesse:
938 2059 1099 2118 Terentius
1121 2104 1128 2117 .
1151 2104 1159 2117 .
1181 2104 1188 2117 .
1208 2060 1252 2118 M.
1267 2060 1386 2119 Tullius
1408 2104 1415 2119 .
1438 2105 1445 2119 .
1469 2104 1478 2119 .

268 2152 426 2231 Vergilius
440 2201 448 2214 .
464 2201 471 2215 .
487 2200 494 2214 .
508 2155 660 2215 Aeneidos
681 2155 734 2214 lib.
754 2154 810 2213 IV.
830 2156 847 2184 ‘⁶
855 2153 974 2228 hospes,
995 2150 1063 2209 Hoc
1082 2151 1182 2210 solum
1201 2172 1312 2211 nomen
1332 2152 1478 2229 qnoniam

267 2246 305 2304 de
318 2248 580 2325 coningerestat.''
619 2249 744 2306 Restare
757 2246 906 2305 resistere.
948 2243 991 2301 M.
1001 2243 1119 2302 Tullius
1133 2244 1171 2305 de
1184 2244 1313 2304 Finibus
1326 2247 1476 2305 bonorum

267 2341 470 2411 etmalorum,
487 2343 504 2371 “
514 2340 631 2398 nullam
644 2344 825 2417 quaerentes
837 2338 1028 2414 voluptatem
1042 2333 1137 2395 Stoici
1151 2337 1296 2397 restent.’'

308 2430 442 2503 Servius,
465 2432 503 2488 A.
518 2432 547 2489 4.
563 2432 630 2504 324,
651 2437 753 2502 restat,
773 2431 831 2489 hoc
845 2433 891 2489 est
903 2435 1043 2505 superest.
1083 2429 1146 2487 Alii
1159 2436 1271 2489 restant
1290 2433 1478 2511 intellegunt

266 2523 388 2594 resistit,
402 2521 505 2594 idest,
520 2523 708 2581 contrarium
721 2522 779 2580 tibi
793 2527 850 2581 est.

306 2614 435 2688 Nonius,
450 2637 480 2694 p.
502 2615 572 2689 391,
593 2615 649 2674 has
662 2635 681 2673 a
694 2620 765 2674 note
777 2636 819 2674 on
831 2619 919 2686 stare,
935 2617 967 2672 to
981 2613 1083 2672 which
1096 2614 1136 2673 he
1149 2616 1271 2694 assigns
1284 2618 1338 2678 the
1357 2618 1475 2678 follow·

265 2705 322 2782 ing
334 2707 510 2785 meanings:

307 2793 490 2858 Concidere.-
519 2799 677 2874 Vergilius
698 2798 919 2877 Georgicorum
940 2796 994 2855 lib.
1018 2795 1079 2856 111.
1103 2801 1213 2860 “stare
1235 2800 1303 2860 loco
1329 2802 1475 2861 nescit:”

265 2886 405 2947 Plautus.

303 2982 454 3041 Horrore:
477 2982 618 3055 Titinius,
634 2983 793 3058 Caecilius,
807 2984 953 3045 Lucilius.

305 3069 595 3152 Eripijpromiuere.
636 3075 780 3134 Lucilius.

304 3167 536 3226 Fidemlobere.
578 3166 692 3227 Ulcere.

310 3259 414 3319 Valere
428 3267 456 3319 et
476 3267 616 3332 constare,
631 3248 732 3339 fissura
745 3283 812 3321 esse.
854 3263 972 3325 Varro:
1003 3264 1158 3341 Vergilius
1177 3262 1230 3320 lib.
1252 3261 1292 3319 X.
1308 3264 1397 3322 “stat
1417 3283 1474 3323 sua

264 3352 374 3428 cuique
388 3352 482 3425 dies,''
496 3353 538 3410 ΙΙ.
556 3357 646 3412 “stat
659 3374 746 3414 cesus
759 3374 907 3414 renovare
920 3356 1053 3416 omnes.'’

303 3443 434 3500 Plenam
451 3462 517 3501 esse.
558 3442 718 3521 Vergilius
730 3444 763 3502 iu
777 3444 930 3504 Bucolicis
950 3449 1061 3504 “stant
1079 3450 1110 3503 et
1127 3444 1259 3521 iuniperi
1272 3447 1304 3502 et
1316 3449 1473 3504 castaneae

262 3535 399 3594 hirsutae
411 3535 446 3594 '¹2
470 3535 621 3595 Aeneidos
634 3536 685 3594 lib.
700 3536 776 3594 XII.
791 3538 882 3596 “iam
894 3539 1020 3617 pulvere
1033 3537 1151 3596 caelum
1166 3536 1257 3596 Stare
1271 3535 1405 3595 vident.”

303 3625 383 3685 Esse.
424 3626 534 3685 Varro.
880 3687 884 3696 ,

305 3720 437 3792 Servius,
458 3721 497 3779 A.
521 3721 548 3779 1.
572 3721 640 3794 646,
662 3727 730 3794 etot,
746 3722 836 3781 modo
851 3729 893 3781 est
908 3721 959 3799 [ut
974 3720 1097 3781 “Graio
1110 3725 1194 3780 stant
1206 3719 1329 3779 nomine
1344 3720 1473 3793 dictae,”

264 3810 371 3889 Dau.].
412 3812 498 3870 Alias
523 3813 627 3884 horret,
656 3818 693 3871 ut
718 3816 832 3872 “stant
855 3813 972 3871 lumine
994 3812 1146 3883 flamma,'’
1171 3817 1202 3871 et
1229 3814 1246 3843 “
1258 3812 1357 3870 stabat
1380 3818 1473 3871 acuta

262 3903 357 3962 silex:
371 3903 388 3928 '’
408 3903 483 3961 item
491 3904 617 3978 plenum
633 3910 683 3976 est,
699 3908 736 3962 ut
750 3905 839 3963 “iam
852 3906 978 3982 pulvere
992 3904 1110 3962 caelum
1127 3903 1215 3962 Stare
1227 3901 1361 3962 vident''
1374 3927 1380 3962 :
1395 3903 1472 3961 item

257 3996 393 4072 positum
405 4000 455 4067 est,
470 4000 506 4052 ut
521 3997 633 4052 “stant
652 3995 795 4055 Manibus
815 4016 885 4054 aree
896 4020 903 4054 ε
914 3996 932 4020 ”
951 3996 1027 4054 item
1041 3997 1151 4072 placet,
1166 3999 1204 4053 ut
1224 3997 1314 4052 “etat
1334 3995 1472 4054 conferre

262 4107 389 4145 manum
402 4086 523 4145 Aeneae
535 4086 553 4112 ’'
567 4092 599 4145 et
613 4090 704 4146 “stat
717 4108 806 4148 cesus
820 4109 967 4149 renovare
979 4088 1114 4149 omnes.”
1165 4087 1272 4165 (lomp.
1295 4088 1358 4146 also
1384 4087 1471 4148 Serv.

265 4181 302 4240 E.
320 4182 345 4240 7.
360 4181 408 4254 53,
423 4179 461 4240 A.
475 4182 523 4240 12.
538 4181 597 4240 408
621 4179 742 4262 (Dan),
757 4185 784 4242 2.
803 4182 869 4243 750.

304 4274 339 4332 P.
354 4272 421 4343 398,
435 4275 619 4350 suppliciam
640 4318 647 4332 .
669 4318 677 4333 .
698 4319 706 4335 .
727 4278 920 4355 supplicatio.
964 4277 1129 4337 Sallustius
1155 4276 1189 4334 in
1210 4274 1360 4335 Catilinae
1382 4275 1471 4346 bello,

264 4366 325 4423 “in
338 4366 496 4443 suppliciis
509 4367 636 4425 deorum
650 4370 833 4446 magnifici.'’
875 4370 987 4431 Accius
1003 4415 1010 4429 .
1026 4414 1033 4428 .
1050 4414 1056 4428 .
1071 4369 1229 4428 Afranius.

308 4456 443 4529 Servius,
458 4456 497 4515 A.
515 4457 541 4518 l.
557 4457 625 4533 632,
646 4461 795 4536 supplicio
817 4460 964 4521 dicuntur
982 4460 1228 4540 supplicationes,
1243 4478 1322 4535 quae
1341 4464 1414 4518 sunt
1434 4460 1474 4519 de
