3250 5059
338 433 503 503 VIRGIL
524 432 623 500 AND
646 431 724 500 HIS
747 432 812 500 AN
815 432 955 500 OIENT
978 432 1168 501 ORITIOS.
1306 431 1355 497 xli

144 610 324 684 Alcestim‚’'
337 611 391 672 dec.
414 610 540 671 Servius
550 608 663 690 (Dan.)
671 631 740 690 says
749 610 782 669 in
796 631 816 669 a
825 611 911 670 short
918 616 1000 684 note,
1012 611 1198 689 “Euripides
1207 610 1356 671 Alcestim

144 704 215 763 Diti
235 709 389 763 sacratum
409 704 549 763 habuisse
569 704 685 762 crinem
706 702 791 775 dicit,
806 703 889 779 qnod
910 709 1000 780 poeta
1019 705 1180 762 transtulit
1200 703 1239 761 ad
1260 703 1355 761 Dido·

144 798 264 856 nem:'’
277 797 339 855 and
358 817 398 855 on
414 795 490 855 Aen.
507 798 535 855 3·
549 796 597 868 46,
615 795 693 854 “sed
711 795 770 854 hoc
786 802 939 872 purgatur
958 793 1115 872 Euripidis
1135 795 1281 871 exemplo,
1301 795 1357 871 qni

144 888 186 946 de
198 888 316 946 Alcesti
331 888 387 946 hoc
401 887 487 956 dixit,
503 907 573 945 cum
587 887 704 945 subiret
718 885 819 943 fatum
832 885 963 944 mariti.’'
985 885 1034 945 On
1044 887 1122 944 Aen.
1134 887 1162 945 9.
1173 885 1221 957 82,
1232 885 1356 945 Servius

143 1001 216 1058 says
237 981 270 1038 oi
293 981 346 1040 the
368 982 486 1056 change
507 980 540 1038 oi
560 979 614 1038 the
635 980 706 1037 ilset
728 978 793 1037 into
817 980 950 1056 nymphe
973 979 1179 1057 “figmentum
1204 979 1263 1038 hoc
1283 979 1357 1037 licet

144 1071 300 1148 poeticum
319 1071 370 1141 sit,
399 1075 509 1140 tamem
537 1069 611 1146 quia
633 1068 771 1146 exemplo
790 1073 884 1138 caret,
903 1073 1029 1127 notatur
1048 1090 1067 1127 a
1088 1069 1212 1128 criticis.
1263 1068 1355 1126 Unde

143 1161 239 1237 longo
258 1161 414 1238 prooemio
434 1158 626 1218 excusatur.”
666 1157 704 1215 In
724 1158 778 1216 the
798 1178 926 1236 passage
944 1159 1024 1216 from
1045 1157 1220 1217 Macrobius
1241 1158 1258 1216 Ι
1277 1157 1356 1217 have

143 1251 299 1310 italicined
316 1250 371 1309 the
384 1250 483 1309 words
495 1254 528 1306 at
548 1250 584 1307 de
600 1269 688 1307 careo
704 1269 795 1319 racto,
811 1250 938 1308 because
954 1250 1029 1328 they
1046 1249 1135 1309 make
1155 1249 1181 1306 it
1200 1250 1354 1327 probable,

144 1344 163 1403 I
179 1344 278 1414 think,
293 1345 363 1403 that
380 1344 433 1403 the
455 1349 528 1402 note
545 1343 577 1402 of
601 1342 729 1403 Servius
752 1364 792 1402 on
810 1344 889 1402 Aen.
905 1346 932 1402 3.
946 1344 994 1416 46,
1010 1343 1111 1402 which
1130 1344 1284 1403 mentions
1302 1343 1356 1402 the

143 1435 259 1513 golden
271 1435 375 1510 bongh
388 1434 422 1492 in
439 1433 493 1492 the
506 1452 588 1492 same
601 1433 710 1492 breath
722 1433 799 1491 with
815 1434 869 1492 the
889 1434 1012 1492 mission
1028 1433 1061 1492 of
1079 1433 1138 1493 Iris
1152 1441 1184 1492 to
1199 1434 1279 1493 Dido
1293 1433 1356 1492 and

143 1526 199 1585 the
213 1527 331 1602 change
343 1526 376 1583 of
396 1525 481 1604 ships
495 1525 560 1584 into
574 1526 714 1602 nymphe,
730 1526 756 1583 is
771 1544 809 1583 an
824 1526 1018 1603 abridgment
1031 1526 1111 1584 from
1126 1526 1290 1586 Cornutus.

186 1616 219 1675 It
232 1637 294 1676 was
307 1617 340 1676 of
361 1637 468 1676 course
488 1617 611 1675 noticed
631 1617 701 1675 that
719 1616 822 1691 Virgil
843 1617 960 1675 altered
981 1619 1035 1676 the
1054 1623 1178 1677 current
1196 1616 1357 1676 traditione

144 1711 241 1768 about
253 1709 373 1769 Aeneae
386 1710 436 1769 for
448 1710 501 1769 the
514 1710 587 1768 sake
601 1709 633 1768 of
647 1710 778 1787 poetical
792 1709 899 1781 effect;
919 1710 973 1770 the
987 1716 1048 1769 two
1061 1712 1144 1770 main
1157 1712 1310 1771 instances
1323 1709 1357 1769 oi

107 1805 111 1810 '
143 1801 209 1860 this
227 1802 318 1879 being
338 1802 391 1860 the
405 1802 526 1879 episode
540 1801 573 1860 of
595 1801 676 1860 Dido
689 1801 723 1859 in
745 1803 798 1861 the
816 1802 922 1861 fourth
936 1802 1063 1872 Aeneid,
1076 1804 1137 1861 and
1159 1804 1212 1861 the
1225 1806 1357 1861 account

145 1893 180 1952 of
201 1894 253 1953 the
268 1893 359 1952 death
373 1894 405 1952 oi
425 1894 549 1952 Turnus
567 1893 600 1951 in
618 1894 671 1952 the
688 1894 823 1953 twelith.
865 1893 1040 1953 Macrobius
1055 1896 1083 1953 5.
1099 1895 1147 1957 17.
1161 1895 1189 1964 4,
1205 1895 1307 1953 “bene
1323 1894 1357 1952 in

144 2005 212 2044 rem
236 2005 321 2043 snam
344 1986 439 2045 vertit
465 1985 615 2063 quicquid
640 1986 818 2063 ubicunqne
845 1987 965 2045 invenit
990 1987 1190 2058 imitandnm3
1219 1987 1297 2045 adeo
1319 1992 1357 2044 nt

145 2076 185 2135 de
208 2075 488 2152 Argonauticorum
513 2083 629 2153 quarto,
653 2095 783 2152 quorum
807 2077 940 2155 scriptor
962 2083 1010 2136 est
1032 2076 1222 2156 Apollonius,
1244 2079 1357 2137 librum

144 2165 299 2225 Aeneidos
326 2185 398 2224 snae
426 2171 571 2244 quartum
598 2171 699 2225 totum
726 2186 823 2244 paene
850 2167 1032 2225 formaverit
1058 2167 1098 2226 ad
1128 2167 1280 2226 Didonem
1307 2169 1357 2228 vel

145 2257 283 2329 Aenean,
293 2258 473 2317 amatoriam
486 2258 738 2318 incontinentiam
749 2258 875 2319 Medeae
888 2259 971 2319 circa
984 2259 1123 2319 Iasonem
1136 2260 1356 2321 transferendo.

146 2349 237 2424 Quod
261 2351 305 2408 ita
325 2351 497 2428 elegantius
517 2356 642 2410 auctore
663 2351 799 2429 digessit,
823 2357 860 2410 nt
883 2351 989 2411 fabula
1008 2352 1194 2412 lascivientis
1218 2352 1356 2422 Didonis,

145 2462 238 2520 qnam
251 2444 361 2502 falsam
374 2446 461 2503 novit
477 2446 670 2516 universitas,
685 2465 741 2522 per
759 2450 806 2504 tot
820 2450 923 2505 tamen
939 2447 1060 2504 saecula
1073 2446 1204 2523 speciem
1219 2445 1359 2504 veritatis

144 2536 311 2607 obtineat,”
326 2535 379 2595 dc.
423 2537 549 2596 Servius
557 2535 668 2615 (Dan.)
682 2558 722 2596 on
732 2535 809 2596 Aen.
822 2539 849 2596 4.
861 2538 929 2609 459,
947 2540 1040 2596 “nam
1055 2537 1312 2615 qnoddeDidone
1326 2543 1359 2622 et

143 2624 250 2684 Aenea
270 2626 384 2685 dicitnr
402 2627 517 2686 falsum
535 2633 591 2686 est.
634 2628 764 2688 Constat
784 2629 865 2686 enim
879 2627 1005 2686 Aenean
1020 2626 1157 2686 COOXL
1176 2627 1264 2687 annis
1285 2633 1357 2686 ante

144 2715 387 2774 aedificationem
404 2716 520 2777 Romae
538 2717 656 2775 venisse
674 2718 707 2775 in
727 2715 857 2789 Italiam,
873 2738 943 2776 cnm
958 2717 1119 2794 Karthago
1138 2737 1200 2775 non
1219 2717 1280 2776 nisi
1298 2717 1357 2775 XL

143 2808 233 2865 annis
246 2814 320 2868 ante
333 2810 575 2868 aedificationem
595 2809 710 2868 Romae
726 2815 903 2868 constructa
916 2810 986 2867 sit.‘’
1026 2809 1098 2866 And
1112 2809 1188 2867 with
1201 2811 1311 2886 regard
1324 2815 1357 2868 to

145 2903 279 2975 Turnus,
292 2904 418 2964 Servius
428 2927 467 2965 on
477 2905 555 2964 Aen.
567 2906 594 2964 9.
608 2904 674 2977 745,
685 2910 703 2936 “
713 2906 849 2983 plerique
859 2906 912 2964 sed
921 2926 984 2964 non
994 2905 1097 2963 idonei
1106 2910 1359 2963 commentatores

144 2995 255 3055 dicunt
276 2998 307 3055 in
323 2999 460 3057 hocloco
480 2999 614 3057 occisum
637 2998 784 3070 Turnum,
799 2999 853 3057 sed
874 3018 965 3057 causa
982 2997 1174 3057 oeconomiae
1192 2997 1322 3075 gloriam
1340 3016 1359 3054 a

143 3091 236 3163 poeta
260 3086 381 3146 Aeneae
404 3106 470 3146 esse
497 3093 659 3160 servatam,
681 3089 763 3165 quod
789 3089 902 3147 falsum
928 3092 983 3147 est.
1034 3087 1114 3147 Nam
1143 3088 1168 3146 si
1196 3089 1358 3147 veritatem

143 3178 293 3238 historiae
313 3181 460 3257 requiras,
483 3182 581 3258 primo
605 3182 718 3259 proelio
745 3181 948 3258 interemptus
972 3184 1020 3239 est
1046 3180 1189 3251 Latinus3
1211 3178 1283 3237 inde
1302 3180 1358 3238 ubi

145 3269 270 3330 Turnus
300 3271 437 3331 Aeneam
467 3273 548 3331 vidit
578 3273 774 3350 superiorem,
803 3272 948 3331 Mezentii
980 3273 1157 3350 imploravit
1189 3272 1357 3341 auxilium

143 3361 279 3420 secundo
299 3363 415 3439 proelio
436 3362 556 3421 Turnus
576 3363 693 3422 occisus
706 3367 763 3433 est,
778 3367 811 3421 et
829 3362 1028 3420 nihilominus
1041 3363 1161 3420 Aeneas
1176 3367 1281 3439 postea
1294 3381 1357 3420 non

143 3456 336 3532 comparuit;
359 3455 452 3515 tertio
475 3456 590 3532 proelio
614 3453 800 3522 Mezentium
824 3456 937 3515 occidit
960 3454 1119 3514 Ascanius.
1161 3455 1231 3514 Hoc
1249 3454 1358 3513 Lirins

144 3545 223 3604 dicit
246 3550 278 3605 et
301 3546 377 3606 Cato
397 3547 430 3605 in
453 3546 663 3621 Originibus.’'
705 3547 749 3606 Το
763 3547 848 3606 these
862 3553 948 3606 notes
962 3546 1196 3619 maybeadded
1217 3547 1304 3605 those
1323 3545 1357 3604 oi

145 3636 274 3697 Servius
287 3659 327 3697 on
341 3638 417 3697 Aen.
430 3639 476 3698 ll.
493 3640 551 3701 271
570 3640 665 3698 about
678 3639 731 3698 the
746 3640 829 3697 birds
842 3640 875 3699 oi
890 3639 1055 3714 Diomede;
1074 3639 1236 3698 “hocloco
1250 3639 1357 3697 nnllus

144 3728 270 3787 dubitat
294 3728 418 3788 fabulae
445 3730 537 3788 huius
563 3729 701 3788 ordinem
728 3749 748 3788 a
772 3728 914 3806 Vergilio
941 3749 1006 3788 esse
1036 3749 1224 3788 conversum,
1273 3728 1356 3787 Nam

144 3820 305 3881 Diomedis
319 3823 416 3882 socios
429 3827 550 3882 constat
563 3823 595 3881 in
609 3842 680 3883 aves
693 3842 756 3882 esse
770 3841 932 3882 conversos
946 3827 1015 3900 post
1027 3823 1114 3881 ducis
1127 3823 1174 3880 sai
1188 3821 1355 3892 interitum,

144 3933 237 3990 quem
249 3916 418 3973 extinctum
428 3914 625 3993 impatienter
633 3913 775 3972 dolebant
785 3914 820 3985 '’;
834 3914 896 3973 and
905 3933 945 3972 on
954 3912 1030 3971 Aen
1041 3913 1067 3972 6.
1079 3913 1136 3972 359
1146 3914 1240 3971 about
1249 3911 1354 3970 Velia:

143 4010 164 4038 “
173 4026 247 4066 sane
260 4007 416 4066 sciendum
430 4007 552 4067 Veliam
564 4012 701 4084 tempore
719 4027 779 4084 qno
795 4005 914 4064 Aeneas
927 4005 967 4063 ad
987 4004 1108 4063 Italiam
1120 4005 1205 4064 venit
1218 4004 1355 4063 nondum

144 4097 250 4157 fnisse.
293 4097 376 4176 Ergo
390 4106 445 4158 aut
464 4100 642 4177 anticipatio
658 4104 714 4170 est,
729 4118 817 4176 qnae,
832 4103 869 4156 nt
887 4098 1136 4177 supradiximus,
1152 4098 1178 4155 si
1192 4118 1230 4156 ex
1248 4104 1357 4175 poetae

143 4209 276 4267 persona
289 4189 352 4260 fiat,
366 4190 534 4250 tolerabilis
547 4195 603 4261 est,
618 4190 644 4248 si
657 4195 761 4248 autem
775 4209 831 4266 per
843 4189 945 4259 alium,
962 4188 1159 4248 vitiosissima
1172 4187 1267 4246 est.”²

181 4326 190 4354 ¹
207 4323 273 4375 This
291 4326 315 4375 is
332 4342 367 4377 an
384 4328 549 4394 ahridgment
564 4330 593 4379 oi
608 4330 733 4394 Hyginus
747 4345 789 4395 ap.
805 4329 922 4381 Gelllo.
935 4331 974 4379 16.
991 4328 1048 4380 ·On
1064 4332 1088 4381 6.
1105 4331 1151 4380 122
1165 4329 1278 4381 Servius’
1295 4334 1358 4383 note

144 4401 261 4452 reminds
279 4417 311 4452 us
330 4404 360 4452 oi
375 4404 500 4469 Hyginus
518 4406 554 4456 ib.
572 4407 587 4469 5
605 4408 658 4457 11.;
682 4408 767 4473 “qaid
786 4408 892 4458 lheaeo:
911 4407 1005 4457 durum
1021 4408 1175 4472 exemplum
1215 4407 1293 4458 Unde
1309 4422 1357 4456 neo

144 4475 299 4527 immoratus
317 4479 405 4529 estin
423 4495 460 4530 eo.
494 4481 567 4531 Dicit
585 4487 672 4532 antem
692 4482 789 4532 inferos
808 4481 901 4532 debere
921 4485 1010 4545 patere
1029 4482 1131 4546 pietati,
1150 4483 1196 4547 qui
1215 4485 1358 4546 patuerunt
