3250 5059
247 449 367 516 lxxviii
412 446 505 513 THE
527 445 736 514 ANCIENT
759 442 1134 512 COMMENTATORS
1157 441 1222 509 ΟΝ
1244 440 1418 509 VIRGIL.

290 626 432 705 (Verrius
445 625 591 683 Flaccus:
614 624 737 694 Paulus,
752 643 782 700 p.
796 622 863 700 16.)

290 720 326 778 Ρ.
350 719 398 788 30,
421 737 574 775 rumorum
596 718 771 785 obtortum3
800 714 882 773 unde
902 719 934 772 et
954 732 1095 785 comode,
1118 716 1200 771 tectu
1219 711 1253 770 in
1274 711 1457 769 curvitatem

248 812 388 871 formate.
430 808 589 885 Vergilius
619 807 840 886 Georgicorum
866 806 918 865 lib.
944 805 1003 863 ΙΙΙ.
1028 808 1088 863 “et
1115 805 1246 863 camuris
1273 804 1374 862 hirtae
1399 805 1457 863 sub

250 906 393 966 cornibus
407 903 528 963 eures.''

292 997 426 1068 Servius,
450 994 487 1055 G.
516 995 544 1054 3.
573 994 621 1068 55,
647 994 777 1053 camuris
793 1038 800 1052 .
815 1038 823 1051 .
839 1039 846 1053 .
861 994 894 1052 id
921 997 969 1053 est
995 994 1102 1051 corvis.
1144 991 1234 1051 Unde
1265 995 1299 1050 et
1325 1010 1458 1049 conseruo

250 1091 480 1257 apPiiiieuiigilib.
495 1178 611 1238 namuri
624 1179 715 1237 boves
729 1182 802 1237 sunt
816 1176 870 1255 qni
886 1197 1031 1237 converso
1043 1177 1194 1235 introrsus
1207 1196 1321 1237 cornus
1333 1179 1456 1248 hebent,

252 1271 305 1332 do.

291 1365 455 1441 (Verriusz
477 1364 601 1433 Paulus,
619 1381 648 1439 p.
663 1360 730 1436 43.)

291 1458 325 1516 P.
354 1457 401 1528 30,
434 1456 577 1513 immonis
611 1454 725 1511 dicitnr
762 1452 828 1510 sine
861 1452 969 1525 officio,
1005 1452 1070 1511 sino
1111 1472 1245 1512 munere.
1300 1453 1457 1532 Vergilius

251 1548 469 1625 Georgicorum
482 1547 534 1606 lib.
550 1545 607 1605 IV.
623 1544 859 1621 “immunisque
872 1545 980 1604 sedens
993 1545 1094 1602 aliena
1105 1544 1145 1602 sd
1158 1545 1271 1621 pabulo
1284 1544 1404 1604 fucus.”

291 1643 425 1720 Philarg.
451 1638 488 1699 G.
512 1640 542 1697 4.
567 1638 644 1696 244:
672 1638 816 1695 immonis
843 1637 969 1708 otiosus,
990 1637 1085 1716 piger,
1107 1641 1139 1695 et
1165 1638 1220 1713 qni
1242 1656 1368 1697 munere
1395 1658 1457 1696 non

250 1736 307 1795 fun
332 1735 401 1794 'tun

293 1756 427 1900 Sili-vius,
437 1827 476 1885 A.
488 1827 536 1884 12.
548 1826 615 1898 559,
625 1825 769 1883 immunis
782 1828 829 1882 est
842 1823 897 1901 qui
910 1821 988 1881 nihil
1002 1826 1146 1901 praestat,
1156 1823 1244 1901 quasi
1257 1823 1322 1881 sine
1335 1822 1455 1881 muniis.

292 1922 335 2000 (V
336 1922 451 1980 errius·
474 1919 601 1990 Paulus,
615 1938 645 1995 p
661 1914 746 1994 109)

292 2014 327 2072 Ρ.
352 2013 400 2083 30,
421 2011 523 2068 dirum
548 2012 595 2067 est
620 2008 719 2080 triste,
740 2008 897 2079 infestum,
927 2011 959 2066 et
981 2007 1069 2084 qussi
1093 2004 1258 2066 deorum
1247 2025 1296 2063 ιη
1318 2006 1454 2064 missum.

250 2106 408 2183 Vergilius
421 2102 643 2180 Georgicorum
655 2102 709 2160 hb
724 2101 815 2159 ΠΙ.
839 2106 925 2159 e..t
938 2100 1091 2159 Aeneidos
1104 2102 1156 2159 lib.
1171 2100 1253 2158 IV!
1257 2101 1457 2178 ‘ultricesque

251 2197 379 2258 sedent
370 2217 403 2254 in
416 2195 521 2253 limine
535 2192 660 2251 Diracf’

292 2290 427 2360 Servius,
440 2286 477 2344 A.
491 2289 521 2346 4.
535 2286 594 2345 453
609 2282 733 2364 (Dans)
743 2286 811 2343 dira
825 2284 905 2342 enim
918 2284 1067 2342 deorum
1054 2305 1103 2342 rra
1118 2290 1178 2342 est:
1200 2303 1234 2343 so
1248 2284 1330 2342 0116.
1346 2217 1412 2343 373.

293 2380 456 2459 (Verriusz
478 2378 603 2449 Paulus,
618 2396 669 2453 pp.
685 2377 752 2447 109,
768 2375 851 2452 143).

291 2475 326 2532 P.
347 2472 393 2542 30,
413 2469 566 2528 exordium
587 2472 635 2526 est
652 2467 784 2536 initium,
803 2466 858 2527 duc.
907 2467 1064 2545 Vergilius
1084 2467 1238 2526 Aeneidos
1256 2467 1308 2526 lib.
1326 2466 1384 2527 IV.
1401 2513 1408 2525 .
1425 2511 1454 2525 ..

252 2569 269 2598 “
278 2585 355 2643 quoe
368 2563 502 2642 primum
516 2560 641 2619 exordia
653 2564 755 2618 sumat
766 2558 781 2619 Ἰ
793 2560 809 2586 ”

294 2654 377 2713 Serv.
389 2653 426 2709 A.
434 2652 464 2709 4.
476 2650 545 2721 284,
554 2650 684 2720 exordio,
693 2649 862 2709 orationem
877 2694 884 2707 .
901 2694 907 2708 .
923 2695 930 2708 .
945 2650 998 2709 sed
1012 2651 1165 2708 scordium
1177 2651 1210 2709 in
1224 2652 1285 2711 duo
1296 2651 1454 2725 dividitur,

250 2747 284 2805 in
297 2743 481 2823 principium
495 2746 526 2800 et
539 2741 716 2813 orationem,
730 2741 812 2800 siout
825 2741 859 2800 in
872 2741 1045 2801 Rhetoricis
1058 2742 1198 2819 legimus.

291 2838 325 2896 P.
346 2837 394 2907 31,
411 2835 517 2893 nidmu
538 2833 656 2891 dictum
673 2839 720 2892 est
740 2833 829 2910 quusi
848 2835 1029 2905 semindnm,
1048 2839 1086 2892 ut
1105 2838 1152 2892 est
1172 2838 1225 2894 uiir
1243 2840 1314 2912 post
1335 2836 1455 2913 plurius

250 2928 383 3005 liquidus
411 2930 443 2984 et
469 2943 603 2983 serenus.
642 2922 800 3001 Vergilius
819 2925 872 2983 lib.
897 2923 989 2983 VIII.
1013 2929 1127 2983 “arms
1154 2924 1352 2985 internubes
1378 2928 1455 2986 coeli

250 3019 373 3096 regione
386 3036 492 3078 serena
506 3016 567 3074 Per
579 3015 692 3073 sudum
705 3015 833 3075 rutilare
846 3015 983 3086 vident‚'’
998 3014 1051 3075 do.

292 3112 424 3181 Servius,
437 3109 476 3168 A.
491 3109 519 3167 8.
535 3110 602 3183 529,
617 3110 726 3167 sudum
739 3114 787 3168 est
805 3111 891 3187 qussi
905 3112 958 3168 sub
972 3111 1075 3181 odoni,
1089 3130 1230 3170 screnum
1242 3120 1313 3191 post
1325 3113 1455 3191 pluvias,

249 3208 287 3263 ut
303 3202 358 3280 (G.
372 3204 402 3261 4.
418 3200 468 3279 77)
485 3204 503 3234 “
513 3220 568 3259 vor
580 3206 689 3260 noctes
702 3201 844 3260 sudum.'’
878 3200 942 3260 Alii
954 3203 1064 3260 eodum
1077 3204 1249 3264 semiudum
1261 3206 1370 3265 volunt
1384 3204 1454 3278 dici,

249 3316 321 3355 cum
333 3315 387 3373 per
399 3296 495 3354 nubes
509 3294 549 3352 cd
561 3313 618 3352 nos
630 3293 788 3371 perveniet
800 3294 873 3353 solis
887 3295 965 3352 ictus
979 3314 1041 3353 non
1054 3295 1181 3371 integer.

290 3387 424 3463 Philarg.
448 3384 485 3445 G.
504 3387 534 3444 4.
557 3381 602 3457 77,
619 3386 729 3443 mcdwm
748 3390 797 3443 est
815 3406 956 3445 serenum
976 3387 1186 3445 sobcmidum:
1208 3389 1329 3466 proprie
1350 3394 1454 3448 sutem

249 3479 359 3537 sudum
371 3497 442 3555 pers
455 3496 560 3536 serens
573 3476 773 3548 internubes,
787 3478 877 3554 quasi
890 3478 1066 3535 comiodum.

289 3570 324 3627 P.
346 3569 395 3642 32,
418 3588 562 3627 arconem
583 3568 697 3626 dicitur
724 3573 877 3629 secretum
897 3569 946 3628 vel
969 3570 1194 3644 absconditum,
1219 3572 1302 3649 quod
1322 3591 1399 3649 quse
1421 3572 1455 3629 in

249 3683 319 3723 uros
336 3668 409 3722 sunt
430 3663 527 3722 celate
547 3663 610 3721 sint
632 3668 664 3721 ot
683 3664 871 3723 abscondita.
912 3664 1069 3741 Vergilius
1087 3665 1239 3726 Aeneidos
1259 3668 1311 3726 lib.
1327 3668 1383 3726 IV.
1399 3712 1406 3725 .
1422 3712 1452 3726 ..

250 3758 403 3814 “urcunos
425 3754 518 3813 etium
537 3754 592 3813 libi
609 3755 731 3814 credero
749 3756 903 3815 sensus=”
924 3762 956 3814 et
976 3755 1125 3816 Aeneidos
1145 3758 1197 3818 lib.
1211 3759 1237 3817 I.
1254 3761 1403 3838 “longius
1423 3765 1455 3820 et

248 3849 374 3907 volvens
387 3846 524 3905 istorum
537 3866 648 3905 crosno
660 3848 819 3906 movebo.’'

291 3939 425 4012 Servius,
434 3938 472 3998 A.
486 3940 513 3997 1.
525 3938 593 4010 262,
605 3959 717 3998 arcano
729 3946 855 4014 secreta,
864 3942 947 4001 unde
957 3948 988 4001 et
1002 3964 1072 4001 arco
1086 3948 1183 4003 etorc
1192 3945 1291 4004 dictes
1304 3946 1391 4022 quusi
1405 3965 1454 4004 res

248 4035 389 4091 secretae.

289 4121 448 4200 (Verriusz
471 4122 596 4194 Paulus,
611 4142 642 4200 p.
658 4121 722 4200 16.)

289 4216 323 4274 Ρ.
337 4214 385 4286 32,
399 4215 582 4274 monuowoti
594 4218 811 4295 proprietatem
830 4236 849 4277 s
868 4221 1020 4280 monendo.
1061 4221 1240 4282 Illustrcted
1253 4222 1332 4283 from
1347 4221 1453 4282 Cicero

247 4308 309 4368 und
322 4306 435 4382 Virgil,
450 4305 489 4363 A.
504 4306 532 4365 5.
547 4303 614 4365 571.

287 4398 421 4471 Servius,
433 4399 472 4456 A.
484 4401 512 4458 3.
527 4398 594 4472 486,
606 4407 793 4460 uwnmnentc
806 4404 959 4464 memoris.
994 4405 1187 4465 Monumenta
1200 4408 1454 4466 autemnmentis
1488 4423 1493 4432 ·

245 4495 452 4555 admonitione
461 4501 535 4555 suut
546 4496 645 4556 dicta:
660 4517 694 4557 so
704 4517 745 4555 on
755 4498 794 4556 A.
806 4498 834 4557 6.
846 4500 905 4559 512
916 4508 1148 4561 monumentum
1165 4548 1171 4559 .
1187 4548 1194 4560 .
1210 4549 1216 4560 .
1232 4504 1314 4580 quod
1329 4511 1452 4563 monent

247 4594 389 4647 mentem.
