3250 5059
375 481 540 549 VIRGIL
563 481 663 550 AND
684 481 764 550 HIS
786 481 996 550 ANOIENT
1020 482 1209 550 ORITIOS.
1284 487 1401 552 xxxvii

184 655 315 716 Portica.
356 657 388 717 Is
409 657 464 717 the
481 657 580 716 whole
603 676 731 735 passage
751 656 784 714 in
806 656 982 715 Macrobius
1005 676 1024 716 a
1047 657 1210 715 mutilated
1238 660 1399 735 quotation

184 748 266 806 from
280 750 333 807 the
346 749 433 807 work
447 749 480 808 of
493 750 643 808 Asconius
657 756 758 808 ecana
773 750 972 807 obtrectatores
989 748 1137 826 Verpilii?

227 837 246 896 I
266 840 343 901 have
364 841 486 900 noticed
503 861 561 900 one
581 861 617 900 or
630 845 691 900 two
712 840 800 899 other
813 861 956 918 passages
973 840 1006 899 in
1022 840 1146 899 Servius
1159 842 1257 900 which
1272 843 1346 900 bear
1358 862 1399 900 on

185 930 243 991 the
267 953 350 992 same
377 934 483 1013 point:
508 934 584 993 Aen.
609 934 637 993 4.
661 933 678 992 1
702 936 721 964 “
732 934 862 993 Iunctus
885 954 1006 1012 quoque
1034 933 1177 1012 (quartus
1199 933 1291 1010 liber)
1313 953 1399 1013 supe·

185 1025 317 1085 rioribus
337 1032 393 1098 est,
408 1028 491 1106 qnod
504 1028 581 1086 artis
601 1047 665 1086 esse
678 1027 811 1097 videtur,
827 1032 863 1085 ut
883 1027 1060 1104 frequenter
1073 1028 1216 1086 diximus.
1257 1027 1338 1085 Nam
1358 1049 1398 1086 ex

186 1119 317 1196 abrupto
330 1119 459 1178 vitiosus
473 1125 520 1178 est
539 1120 706 1190 transitus3
726 1119 799 1177 licet
820 1121 916 1179 stulte
934 1120 1060 1197 quidam
1079 1120 1184 1178 dicant
1204 1119 1287 1180 huuc
1304 1120 1397 1179 tertio

185 1231 246 1270 uon
269 1232 333 1271 esse
353 1214 562 1272 coniunctum,
585 1257 591 1271 .
616 1256 622 1270 .
645 1256 652 1270 .
675 1211 752 1272 Cum
774 1214 857 1272 enim
876 1214 1004 1272 tertium
1026 1213 1069 1271 sic
1091 1214 1244 1285 clauserit,
1257 1213 1396 1291 ⁸tactoque

185 1303 233 1362 bie
240 1305 303 1381 fiae
317 1305 434 1382 quievit,
448 1306 626 1364 subsecutus
642 1309 688 1363 est
702 1303 742 1361 Ae
761 1306 865 1382 rapine
887 1306 981 1382 pravi,
997 1303 1071 1363 dac.”
1108 1303 1182 1364 Aen.
1195 1305 1222 1364 6.
1236 1304 1292 1366 752
1308 1309 1326 1336 “
1336 1306 1396 1364 huc

183 1396 317 1455 tetendit
331 1401 366 1454 ut
379 1397 510 1456 celebret
524 1396 687 1466 Romanos,
703 1401 734 1455 et
747 1395 910 1473 praecipue
925 1397 1111 1473 Augustum.
1153 1396 1234 1454 Nam
1248 1399 1301 1474 qui
1316 1398 1394 1458 bene

182 1488 383 1559 considerant,
397 1489 555 1547 invenient
568 1508 686 1546 omnem
703 1487 877 1546 Romanam
893 1489 1055 1547 historiam
1068 1491 1108 1548 ab
1121 1486 1243 1548 Aeneae
1259 1489 1395 1547 adventu

184 1598 282 1656 nsque
300 1580 340 1638 ad
364 1600 419 1639 sua
441 1585 579 1657 tempora
601 1580 779 1639 summatim
804 1580 970 1639 celebrasse
990 1579 1172 1659 Vergilium.
1216 1580 1306 1654 Quod
1326 1582 1395 1640 ideo

182 1674 261 1731 latet
274 1673 346 1750 quia
360 1673 507 1732 confusus
520 1677 568 1732 est
588 1672 692 1744 ord0,”
707 1671 761 1732 dre.
777 1670 854 1730 Aen.
869 1673 896 1730 9.
913 1674 929 1731 1
957 1676 1076 1750 “quem
1090 1673 1252 1731 transitum
1271 1674 1396 1751 quidam

182 1768 318 1844 culpant,
331 1767 508 1838 nescientes,
524 1764 598 1825 Μ’
639 1764 789 1843 Compare
801 1763 925 1824 further
938 1764 1114 1825 Macrobius
1129 1767 1156 1825 5.
1174 1766 1221 1823 14.
1238 1766 1273 1824 ll
1290 1769 1309 1795 “
1320 1767 1394 1825 item

182 1862 307 1920 divinus
326 1863 377 1920 ille
398 1866 483 1921 vates
497 1857 680 1938 (Homerus)
699 1880 747 1919 res
768 1860 817 1920 vel
838 1859 928 1937 paulo
947 1861 997 1920 vel
1016 1862 1114 1918 multo
1134 1865 1207 1920 ante
1226 1866 1394 1919 transactas

182 1961 353 2033 opportune
373 1955 413 2013 ad
432 1954 615 2014 narrationis
636 1974 708 2014 suae
721 1954 831 2013 seriem
846 1957 977 2024 revocat,
993 1958 1074 2012 utet
1088 1954 1271 2012 historicum
1286 1954 1389 2012 stilum

181 2048 262 2106 vitet
274 2065 337 2106 non
351 2046 558 2125 perordinem
572 2045 739 2123 digerendo
753 2066 831 2123 qnae
845 2050 935 2124 gesta
948 2049 1031 2117 sunt,
1046 2064 1102 2104 nec
1123 2049 1227 2103 tamen
1248 2046 1392 2124 praeteri-

182 2146 286 2199 torum
306 2140 395 2200 nobis
414 2140 557 2198 notitiam
578 2137 750 2198 subtrahat.
773 2183 780 2196 .
803 2183 809 2196 .
833 2180 841 2196 .
861 2137 1020 2216 Vergilius
1033 2157 1123 2196 omne
1142 2138 1199 2196 hoc
1214 2157 1311 2214 genus
1325 2139 1393 2215 pul·

183 2232 333 2291 cherrima
345 2233 517 2291 aemulatus
530 2230 608 2291 est.''

226 2324 268 2385 So
285 2324 376 2384 much
392 2325 466 2383 with
486 2323 597 2400 regard
617 2328 651 2382 to
670 2323 724 2381 the
745 2322 836 2381 order
857 2321 890 2379 in
904 2321 1004 2380 which
1017 2321 1122 2399 Virgil
1136 2321 1207 2380 tells
1220 2322 1269 2381 his
1285 2327 1389 2400 story:

180 2416 225 2475 let
239 2435 274 2475 us
288 2436 357 2475 now
370 2434 440 2494 pass
454 2434 495 2473 on
507 2419 540 2472 to
554 2434 637 2473 some
650 2413 683 2472 of
703 2413 756 2471 the
769 2413 932 2471 criticisms
953 2414 1061 2491 passed
1074 2433 1159 2490 upon
1173 2413 1225 2471 the
1239 2414 1392 2473 incidente

181 2509 216 2569 of
235 2510 283 2568 his
298 2508 458 2567 narrative.
501 2508 561 2566 His
575 2507 707 2565 enamies
727 2505 891 2584 compared
909 2505 963 2564 the
978 2506 1103 2578 Aeneid
1119 2526 1249 2584 passage
1267 2506 1309 2584 by
1322 2526 1389 2583 pas-

182 2621 262 2679 sage,
279 2599 354 2658 with
367 2599 420 2657 the
439 2598 518 2656 Iliad
537 2598 598 2655 and
620 2596 766 2675 Odyssey‚
780 2596 857 2655 with
878 2597 932 2655 the
945 2596 1024 2656 view
1039 2597 1072 2655 of
1091 2598 1232 2675 showing
1251 2598 1292 2656 its
1312 2598 1390 2657 iufa-

181 2693 308 2770 riority;
328 2691 377 2749 his
390 2690 506 2748 friends
519 2689 636 2767 replied
650 2709 683 2747 as
697 2689 765 2748 best
777 2689 851 2765 they
862 2689 962 2760 could,
974 2691 1148 2748 sometimes
1158 2690 1345 2768 attempting
1357 2695 1391 2748 to

182 2786 267 2845 show
281 2784 350 2841 that
362 2782 465 2860 Virgil
484 2782 546 2841 had
559 2780 722 2860 surpassad
736 2780 784 2839 his
798 2781 908 2840 model.
951 2782 1036 2841 Here
1049 2802 1101 2841 are
1114 2783 1276 2855 instances,
1292 2782 1391 2842 which

182 2877 198 2935 Ι
212 2877 289 2936 have
302 2875 515 2935 endeavoured
529 2879 561 2933 to
575 2892 704 2951 arrange
717 2873 818 2931 under
830 2873 941 2932 heads:

222 2974 282 3033 rte
302 2991 403 3032 canem
416 2970 450 3046 of
457 2971 558 3031 Jauo’e
572 2989 663 3045 anper
676 2968 795 3043 against
808 2969 855 3026 the
871 2968 1002 3044 Trojano,
1017 2988 1050 3026 as
1068 2969 1223 3044 compared
1235 2969 1306 3027 with
1327 2970 1390 3028 teet

181 3067 216 3143 os
230 3065 336 3143 Apollo
357 3065 474 3140 nquinat
494 3064 541 3121 lte
562 3062 853 3122 Greelea—Macrob.
877 3063 904 3121 5,
927 3063 955 3121 2.
978 3062 997 3120 6
1016 3067 1033 3094 “
1045 3062 1199 3121 Homerus
1221 3062 1254 3120 in
1278 3064 1387 3141 primo,

180 3180 251 3220 anm
266 3159 358 3219 vellet
371 3158 511 3234 iniquum
526 3155 651 3215 Graecis
663 3155 839 3232 Apollinem
852 3155 963 3228 facere,
978 3175 1102 3215 causam
1115 3155 1229 3214 struxit
1242 3155 1279 3213 de
1293 3176 1389 3215 sacer·

181 3251 260 3311 dotis
280 3251 413 3320 iniuria;
442 3250 502 3320 hic,
525 3253 562 3306 ut
582 3247 721 3306 Troianis
741 3246 892 3306 Iunonem
912 3248 1029 3308 faceret
1048 3248 1203 3317 infestam,
1225 3268 1387 3307 causarum

181 3346 238 3405 sibi
252 3344 426 3422 congeriem
439 3342 660 3421 comparavit.'’

220 3438 280 3496 rae
299 3454 386 3495 cauae
406 3434 440 3512 of
455 3435 501 3492 the
519 3454 582 3492 war
596 3435 716 3492 between
729 3433 844 3492 Aerwur
863 3433 924 3492 aad
943 3433 1078 3504 Latinae,
1094 3453 1128 3490 aa
1146 3433 1301 3508 compared
1317 3434 1388 3492 with

179 3532 242 3590 thar
261 3530 297 3606 of
311 3530 358 3588 tta
372 3528 489 3607 promel
503 3529 623 3587 between
636 3527 766 3586 Achilles
780 3526 841 3585 aad
855 3525 1239 3602 Apamemnon.—Macrob.
1259 3529 1286 3586 5.
1304 3527 1351 3588 17.
1368 3528 1385 3587 1

181 3627 198 3655 “
211 3623 263 3682 ubi
283 3642 386 3680 rerum
405 3620 568 3679 necessitas
587 3620 689 3696 exegit
701 3639 720 3678 a
734 3620 861 3678 Marone
875 3619 1106 3696 dispositionem
1119 3619 1283 3677 incohandi
1304 3620 1387 3688 belli,

179 3736 272 3794 qnam
292 3736 354 3774 non
374 3713 483 3772 habuit
503 3711 657 3771 Homerus
676 3708 804 3791 (quippe
826 3711 879 3789 qui
900 3710 1028 3769 Achillis
1049 3711 1127 3769 iram
1148 3712 1305 3770 exordium
1328 3712 1388 3771 sibi

177 3806 295 3877 fecerit,
311 3826 388 3884 quae
401 3804 519 3863 decimo
533 3804 656 3862 demum
668 3803 740 3862 belli
753 3823 834 3862 anno
847 3799 1003 3880 contigit),
1017 3803 1169 3861 laboravit
1182 3803 1222 3861 ad
1235 3803 1279 3860 rei
1292 3823 1387 3862 novae

177 3905 311 3977 partum.
355 3895 486 3956 Cervum
500 3895 630 3953 fortuito
649 3895 788 3954 saucium
806 3893 882 3952 fecit
898 3913 1023 3952 oausam
1044 3895 1205 3952 tumultus.
1249 3893 1310 3952 Sed
1331 3894 1385 3953 ubi

177 3992 258 4051 vidit
273 3991 331 4049 hoc
350 3990 417 4049 leve
437 3988 589 4064 nimisque
605 3988 729 4065 puerile,
745 3987 879 4044 dolorem
897 3987 986 4045 auxit
1002 3988 1181 4063 agrestium,
1197 3992 1233 4044 ut
1250 3987 1386 4064 impetus

177 4103 284 4142 eorum
297 4081 449 4139 sufficeret
462 4080 501 4137 ad
517 4079 640 4137 bellum.
684 4078 746 4138 Sed
760 4098 816 4137 nec
831 4098 935 4136 servos
947 4078 1059 4149 Latini,
1074 4085 1105 4137 et
1120 4079 1250 4137 maxime
1264 4079 1386 4137 stabula

178 4175 263 4252 regia
276 4177 427 4244 curantes,
441 4178 534 4249 atque
548 4171 616 4230 ideo
630 4171 705 4248 quid
719 4170 850 4229 foederis
864 4191 933 4229 cum
949 4171 1088 4229 Troianis
1104 4170 1232 4230 Latinus
1246 4171 1334 4230 icerit
1347 4192 1385 4230 ex

177 4266 356 4325 muneribus
370 4284 519 4341 equorum
537 4268 568 4323 et
588 4283 696 4322 currus
717 4262 829 4341 iugalis
849 4284 910 4322 non
931 4264 1116 4341 ignorantes,
1132 4264 1246 4323 bellum
1265 4264 1386 4341 generis

177 4356 294 4416 domini
307 4356 470 4434 oportebat
481 4354 605 4413 inferre.
641 4352 724 4427 Quid
736 4352 860 4433 igitur?
901 4354 1036 4413 Deorum
1050 4354 1182 4413 maxima
1195 4355 1386 4414 deduciture

176 4450 267 4521 caelo,
280 4452 313 4508 et
326 4447 458 4506 maxima
472 4446 637 4506 Furiarum
648 4447 686 4506 de
695 4447 833 4505 Tartaris
845 4446 1047 4506 adsciscitur:
1068 4451 1258 4526 sparguntur
1266 4465 1384 4523 angues

175 4540 309 4600 velutin
322 4559 413 4599 scena
426 4539 632 4617 parturientes
646 4538 801 4598 furorem:
822 4537 929 4616 regina
942 4559 1003 4598 non
1018 4537 1116 4598 solum
1127 4540 1165 4597 de
1178 4539 1387 4616 penetralibus
