3250 5059
241 477 335 544 THE
356 480 564 549 ANGIENT
586 480 962 551 OOMMENTATORS
984 484 1048 553 ON
1070 486 1243 555 VIRGIL.
1287 491 1381 557 lxxxi

173 661 258 719 61661
279 666 326 720 est
348 682 515 739 paucorum
538 663 667 734 dierum,
692 663 776 723 unde
802 667 836 722 61
864 663 897 721 16
927 663 1036 722 6611661
1059 663 1175 723 dicitur
1196 665 1381 743 imperatum

173 750 373 826 frumentum,
382 775 480 831 pecus
493 775 564 814 vero
584 756 732 834 temporis
752 756 848 833 longi.
892 755 971 815 Sane
991 756 1123 815 dicimus
1143 763 1174 817 et
1195 759 1242 818 tic
1262 764 1294 819 61
1311 761 1382 819 tace

173 848 206 901 et
219 845 271 903 166
281 868 397 924 pecus:
420 849 474 907 sed
493 868 512 906 a
531 849 700 907 masculino
720 853 752 907 et
771 869 790 906 a
809 849 958 908 feminino
979 868 1089 926 genere
1102 856 1212 927 quarta
1229 857 1276 910 est
1290 853 1380 911 decli·

172 936 266 1008 natio,
283 959 301 997 a
315 945 423 999 neutro
436 942 536 1013 tertia,
551 961 612 1019 quo
625 941 716 1000 modo
723 962 817 1017 pecua
824 943 951 1018 pecoris.
982 941 1073 1001 Unde
1087 942 1235 1003 Horatius
1250 948 1381 1023 “portet

172 1026 329 1092 frumenta
352 1035 561 1111 penusque:'’
587 1034 755 1093 masculino
786 1054 860 1094 vero
893 1054 1006 1113 genere
1033 1034 1162 1094 Plautus
1190 1037 1278 1095 “nisi
1304 1037 1381 1096 mihi

171 1138 292 1181 annuus
319 1144 417 1202 penus
444 1126 564 1196 datur,”
590 1125 738 1185 feminino
765 1124 903 1186 Lucilius
929 1128 1042 1204 posuit,
1070 1133 1106 1187 ut
1133 1130 1254 1188 “uxori
1279 1131 1381 1207 legata

172 1214 301 1287 penus.’'
342 1215 475 1289 Quartae
488 1221 590 1277 autem
608 1217 820 1276 declinationis
833 1238 898 1277 esse
912 1218 1034 1278 Persius
1048 1219 1160 1293 docuit,
1173 1225 1210 1279 ut
1224 1221 1282 1280 “in
1295 1222 1381 1281 locu·

171 1303 254 1381 plete
266 1326 348 1383 penu
362 1308 494 1367 defensis
506 1309 672 1386 pinguibus
686 1308 842 1368 Umbris.'’

213 1394 347 1469 Servius,
356 1397 394 1457 A.
404 1400 431 1458 3.
443 1402 480 1459 12
489 1396 610 1480 (Dan),
620 1421 692 1459 nam
704 1406 736 1460 et
744 1401 846 1479 ipsum
855 1402 994 1478 penetral
1003 1422 1100 1480 pecua
1109 1403 1277 1475 1116116661
1288 1404 1379 1464 11οᾶ16

170 1504 292 1563 quoqne
307 1509 405 1564 pecua
431 1492 533 1550 Vestae
556 1492 657 1550 claudi
678 1491 727 1551 661
750 1491 864 1569 aperiri
885 1491 1007 1552 dicitnr.
1048 1491 1125 1572 (See
1148 1493 1231 1554 Feat.
1255 1514 1285 1572 p.
1309 1496 1377 1569 250,

167 1595 266 1652 pertua
283 1578 411 1661 Veetue.)
705 1595 710 1605 ·

204 1669 291 1754 Gall.
315 1674 346 1731 4.
371 1675 398 1747 1,
412 1680 520 1752 quotes
540 1675 622 1734 from
643 1674 787 1749 Lucilius,
804 1676 949 1753 “legavit
972 1677 1098 1755 quidam
1119 1677 1207 1738 uxori
1227 1680 1378 1739 mundum

171 1779 261 1821 omne
287 1767 511 1844 penumque’':
537 1767 655 1827 alludes
683 1766 712 1844 (ξ
742 1768 780 1826 14
806 1765 889 1844 foll.)
915 1773 948 1827 to
972 1768 1101 1846 Virgil's
1126 1771 1245 1846 1669666
1265 1791 1378 1849 pectem

169 1851 336 1914 1661666661
358 1865 467 1934 quotes
485 1859 567 1917 from
587 1859 624 1934 Q.
640 1859 794 1933 Scaevola,
811 1863 829 1892 “
840 1879 918 1938 qnae
934 1860 974 1918 ad
988 1860 1140 1920 edendum
1153 1861 1378 1941 bibendumque

169 1944 203 2003 in
218 1946 284 2005 dies
297 1950 434 2028 singulos
447 1953 569 2029 prandii
580 1957 636 2012 661
648 1972 740 2012 cenae
754 1972 846 2012 causa
859 1959 1017 2030 parantur,
1025 1974 1122 2031 peace
1134 1974 1197 2014 non
1209 1960 1304 2015 sunt:
1325 1956 1379 2015 sed

169 2056 206 2095 ea
219 2041 320 2116 potius
334 2062 413 2120 qnae
426 2045 553 2104 huiusce
572 2046 693 2123 generis
713 2046 824 2123 longae
843 2045 960 2104 usionis
979 2047 1081 2124 gratia
1100 2047 1327 2107 contrahuntur
1346 2053 1379 2108 et

169 2134 384 2206 reconduntur,
401 2157 439 2196 ex
459 2158 495 2196 co
513 2129 596 2215 qnod
618 2158 682 2198 non
704 2138 739 2197 in
762 2142 909 2216 promptu
932 2140 995 2198 sint
1017 2140 1072 2199 sed
1092 2140 1177 2199 16166
1199 2145 1232 2200 61
1254 2142 1378 2219 penitus

170 2223 349 2300 habeantur,
358 2250 455 2306 pecca
468 2231 551 2291 dicta
564 2232 668 2290 sunt.''

213 2316 330 2379 Charis.
345 2341 375 2398 p.
390 2321 426 2381 74
438 2323 486 2393 Κ,
497 2343 595 2399 perrea
607 2343 667 2401 quo
677 2324 769 2384 modo
779 2323 888 2382 debeat
897 2322 1042 2382 declinari
1052 2322 1203 2382 incertum
1217 2330 1274 2383 est.
1296 2325 1377 2385 Nam

172 2406 301 2469 Plautus
315 2413 346 2470 in
357 2413 509 2473 Pseudolo
520 2416 626 2474 eodem
634 2414 699 2474 fere
712 2415 778 2474 loco
792 2420 825 2473 et
835 2414 1003 2473 masculino
1016 2434 1126 2492 genere
1137 2414 1214 2474 dicit
1226 2417 1274 2475 tic
1282 2437 1380 2493 pecus

170 2506 203 2560 61
215 2510 324 2564 666116
338 2505 390 2567 hoc
398 2529 504 2586 pecua.
537 2507 695 2587 Vergilius
708 2512 811 2567 autem
825 2508 918 2565 ctiam
929 2507 1076 2565 feminino
1090 2508 1208 2582 lorcyum
1215 2528 1335 2584 penum.

211 2595 309 2657 Iulius
327 2593 484 2660 Romanus
492 2621 541 2678 ap.
553 2599 671 2660 Charis.
682 2621 710 2678 p.
723 2600 781 2658 140
791 2599 929 2675 K.,penu
937 2598 1125 2677 Pomponius
1136 2597 1185 2679 (so
1194 2600 1309 2679 rightly
1319 2598 1377 2680 K.)

168 2729 179 2746 .
201 2732 208 2746 .
231 2731 239 2748 .
261 2694 374 2750 “careo
393 2697 458 2751 tam
478 2693 606 2771 pulchra
625 2692 735 2771 penn,'’
745 2712 843 2768 peuce
856 2691 931 2769 poci
949 2690 977 2749 si
995 2690 1189 2764 femininum,
1198 2695 1320 2768 penoris
1339 2699 1377 2752 ut

164 2784 289 2860 procide,
304 2785 330 2842 si
344 2787 464 2862 generis
478 2786 580 2844 neutri
592 2787 643 2858 sit,
659 2792 694 2843 ut
708 2785 834 2862 qnidam
846 2789 968 2863 putant.

210 2874 306 2935 Prisc.
320 2878 348 2946 5,
361 2898 392 2955 p.
408 2878 465 2938 163
481 2878 530 2948 K,
540 2898 637 2956 pecca
656 2877 812 2937 iuvenitur
826 2882 857 2936 et
871 2876 1076 2935 masculinum
1096 2880 1128 2934 et
1146 2876 1330 2936 femininum
1344 2882 1375 2936 et

168 2973 322 3028 neutrum.
376 2971 532 3048 Vergilius
559 2971 592 3028 in
619 2970 635 3028 I
663 2974 681 3002 “
692 2989 768 3029 cura
803 2989 920 3047 penum
954 2972 1089 3028 struere:
1102 2968 1119 2993 ''
1150 2968 1315 3028 Terentius
1340 2970 1375 3028 in

168 3058 318 3120 Eunucho
333 3065 351 3093 “
365 3061 445 3121 Cum
457 3063 491 3121 in
510 3064 650 3124 cellulam
671 3063 711 3121 ad
734 3068 766 3121 16
786 3062 884 3141 patris
907 3081 1020 3140 penum
1037 3081 1159 3120 omnem
1173 3062 1375 3139 congerebam

168 3153 372 3213 clanculum.'’
412 3156 561 3215 Horatius
574 3157 607 3214 in
621 3156 638 3214 1
652 3157 855 3234 epistularum
877 3160 1042 3214 “annonae
1061 3155 1166 3232 prosit,
1188 3159 1289 3232 portet
1308 3154 1374 3213 fru-

170 3251 274 3304 menta
287 3248 473 3325 penusque.''
514 3247 560 3308 Ib.
575 3269 606 3327 p.
622 3247 679 3307 170
696 3248 745 3306 tu
760 3254 793 3306 et
812 3249 926 3305 haeret
947 3247 999 3305 too
1014 3267 1111 3323 pecco
1131 3252 1163 3305 et
1183 3247 1235 3305 toc
1252 3266 1375 3323 poema.

168 3335 296 3396 Plautus
307 3339 341 3395 in
351 3338 502 3398 Pseudolo
517 3382 525 3399 .
539 3382 547 3397 .
564 3343 707 3399 “annuus
717 3339 848 3417 penus:”
863 3337 1007 3410 Lucilius,
1019 3337 1157 3415 “Magna
1167 3357 1265 3416 penus
1278 3358 1373 3416 parvo

167 3430 266 3506 spatio
280 3437 461 3509 consumpta
480 3432 591 3510 peribit
604 3431 640 3491 ’':
661 3432 791 3490 Plautus
810 3430 843 3488 in
858 3428 1019 3508 Captivis.
1040 3470 1049 3487 .
1071 3430 1206 3488 .“elind
1227 3449 1324 3508 penus
1336 3430 1372 3490 ”2

168 3519 278 3581 Caesar
294 3523 404 3582 Strabo
419 3526 452 3583 in
465 3526 601 3585 oratione
621 3544 683 3602 qua
704 3523 841 3603 Sulpicio
860 3522 1020 3600 respondit
1034 3526 1051 3555 “
1061 3520 1171 3582 deinde
1183 3522 1373 3601 propinquos

167 3621 287 3674 nostros
297 3615 443 3676 Messalas
457 3618 546 3677 domo
560 3618 726 3694 deflagrata
739 3636 849 3694 penore
857 3616 1032 3674 volebamus
1042 3614 1190 3692 privare.”
1225 3613 1372 3673 Afranius

166 3709 200 3767 16
212 3708 336 3770 Τ611ο66
351 3714 370 3741 “
392 3755 399 3769 .
421 3756 428 3770 .
450 3756 458 3771 .
479 3712 563 3770 16116
574 3732 689 3789 penum
699 3709 812 3768 Erile.'’
854 3708 928 3767 This
939 3708 967 3765 is
979 3708 1122 3785 repeated
1135 3707 1241 3785 nearly
1251 3707 1372 3766 totidem

166 3802 259 3860 661116
278 3822 318 3861 66
339 3803 392 3861 the
412 3805 569 3881 authority
582 3802 615 3863 of
637 3803 779 3862 Donatus
799 3800 862 3859 and
882 3798 991 3877 Caper,
1005 3799 1039 3857 in
1055 3798 1152 3858 Prisc.
1167 3798 1194 3871 6,
1209 3819 1239 3876 p.
1254 3798 1313 3858 260
1329 3799 1370 3858 Κ.

167 3891 253 3973 (Itis
267 3897 348 3955 clear
367 3897 400 3954 in
419 3897 483 3955 this
502 3896 640 3955 instance
659 3894 728 3953 that
747 3892 801 3952 the
822 3892 920 3951 oldest
939 3890 1019 3949 form
1038 3889 1072 3949 of
1090 3890 1144 3948 1116
1162 3895 1234 3950 note
1254 3891 1281 3949 is
1303 3910 1369 3968 pre-

165 3988 273 4047 served
285 3988 319 4045 in
332 3988 489 4047 Priscian:
511 3987 572 4047 and
584 3986 655 4046 that
667 3986 721 4044 the
740 3989 813 4044 note
833 3984 860 4043 is
879 3988 912 4043 at
931 3983 1055 4042 1666166
1068 3982 1118 4041 old
1131 4001 1165 4041 66
1180 3981 1298 4042 Gellius
1310 3983 1371 4042 and

163 4080 263 4139 Iulius
277 4079 461 4158 Romanus.)

205 4172 239 4230 P.
254 4173 303 4245 51,
321 4173 437 4231 1666666
457 4171 626 4249 significari
645 4175 762 4231 veteres
782 4174 951 4247 posuerunt
972 4167 1059 4246 quasi
1079 4187 1099 4225 a
1119 4168 1251 4227 16666616.
1290 4167 1368 4227 Ver·

164 4265 275 4343 gilium
288 4284 408 4343 quoqne
428 4265 562 4325 subhac
582 4264 787 4325 ostentatione
809 4263 946 4340 posuisse
966 4262 1129 4321 voluerunt
1150 4260 1369 4339 Georgicorum

164 4358 216 4415 lib.
231 4356 288 4416 IV.
303 4357 359 4416 “si
378 4377 468 4435 quem
486 4356 621 4416 Numina
641 4357 730 4415 laeva
749 4355 870 4413 sinunt:
885 4354 902 4380 ”
923 4352 1043 4412 Ennius
1061 4352 1227 4412 Annalium
1240 4353 1292 4413 lib.
1306 4350 1368 4411 ΙΠ.

163 4447 257 4507 “Olli
270 4448 308 4507 de
321 4449 405 4508 caelo
416 4449 538 4508 laevum
551 4446 637 4507 dedit
649 4447 785 4505 inclutus
798 4445 951 4523 signum.”
1392 4438 1399 4456 ‘

204 4539 338 4612 Servius,
349 4540 386 4600 A„
399 4543 427 4601 2.
442 4543 490 4616 54,
505 4544 590 4601 luceo
604 4542 692 4601 modo
706 4540 865 4601 contraria
888 4538 930 4598 ut
938 4539 1094 4599 sciendum
1108 4540 1234 4611 1666666,
1245 4557 1317 4598 6616
1330 4537 1367 4596 de

243 4647 308 4690 161..
322 4649 343 4690 1.
550 4661 553 4666 ·
1228 4631 1254 4705 s
