3250 5059
275 409 337 476 xlii
467 365 631 478 VIRGIL
653 411 753 479 AND
774 412 854 480 HIS
876 413 1084 483 ANOIENT
1106 416 1296 488 ORITICS.

314 584 332 643 Ι
345 586 409 646 vvill
422 586 484 646 add
495 585 569 646 here
582 605 665 646 some
678 587 767 647 other
778 588 1010 650 miscellaneous
1023 591 1185 652 criticisms
1199 613 1240 652 on
1258 592 1370 654 (1616116
1382 595 1416 654 16
1428 595 1485 655 the

273 678 428 739 narrative
441 679 474 738 61
495 681 548 739 the
560 679 680 739 Aeneid
693 682 794 741 vvhich
807 682 824 740 I
841 684 920 743 have
932 685 1056 745 notioed
1069 686 1103 744 in
1114 686 1249 747 Servius.
1290 688 1386 769 Many
1398 710 1484 751 more

274 789 326 829 ars
340 771 484 830 collected
496 771 538 849 by
551 771 595 829 M.
610 772 741 832 Thomas
754 773 788 831 in
801 774 850 832 his
863 794 951 853 essay
964 796 1005 834 cn
1022 775 1144 837 Servius
1158 799 1188 856 p.
1203 778 1263 842 247
1276 779 1344 850 foll,

315 866 342 923 1.
359 863 405 938 71,
421 868 558 925 “notent
570 866 746 944 Vergilium
758 867 867 941 critici,
882 868 936 946 qui
948 870 1058 931 marito
1071 873 1226 950 promittit
1238 883 1381 945 uxorem3
1400 874 1483 952 quod

273 963 399 1015 excusat
412 958 498 1034 regia
509 957 664 1017 licentia.”

313 1050 341 1108 2.
357 1048 424 1122 668,
440 1052 577 1109 “notant
597 1050 655 1109 hoc
676 1050 785 1122 critici,
805 1052 879 1129 quia
899 1054 1020 1132 saepius
1041 1054 1154 1114 armari
1173 1055 1292 1132 aliquos
1313 1054 1390 1116 dicit
1410 1076 1483 1115 cum

272 1144 446 1198 exarmatos
459 1160 618 1216 nunquam
631 1141 803 1200 ostendat.”

312 1232 341 1289 4.
366 1232 424 1291 509
451 1230 566 1310 (Dan),
592 1235 778 1311 “quaeritur
808 1254 828 1294 a
854 1235 1038 1313 quibusdem
1064 1256 1144 1313 6666
1170 1238 1212 1297 611
1230 1235 1306 1298 haec
1332 1237 1482 1310 sacerdos,

271 1325 344 1401 quia
355 1326 441 1385 illam
458 1327 557 1404 ipsam
575 1328 673 1405 accipi
686 1327 794 1387 volunt
812 1347 891 1405 quae
911 1348 1007 1407 supra
1026 1329 1110 1388 dicta
1127 1335 1182 1401 est,
1195 1335 1353 1407 tamquam
1371 1330 1444 1390 ficta
1463 1350 1484 1390 6

272 1417 421 1477 Ι)1(1666.”

310 1511 339 1568 4.
355 1511 422 1582 546,
439 1515 456 1543 “
465 1511 617 1589 quomodo
630 1511 689 1585 616,
704 1530 775 1570 cum
791 1510 873 1571 dicat
886 1513 952 1590 ipse
966 1509 1010 1592 (1.
1025 1509 1100 1592 361)
1116 1513 1289 1572 6666661661
1302 1514 1407 1588 quta
1427 1519 1482 1573 661

269 1602 368 1661 odium
391 1604 505 1662 crudete
528 1603 647 1682 tyrcmri
669 1603 732 1661 Aut
755 1610 849 1661 metas
873 1623 939 1662 acer
961 1603 1046 1662 61611
1097 1603 1132 1664 Si
1152 1605 1235 1664 ultro
1257 1611 1478 1676 convenerunt,

270 1695 421 1771 quomodo
444 1696 494 1755 616
514 1717 547 1755 66
568 1697 643 1756 (11611
662 1697 806 1755 reccidisse
816 1696 861 1753 ”f
901 1695 1005 1775 (temp.
1029 1695 1105 1758 Aen.
1130 1699 1156 1756 1.
1178 1698 1246 1767 361,
1270 1699 1481 1757 “metuebant

267 1787 415 1860 laedendi,
430 1790 489 1848 hoc
499 1795 545 1849 est
559 1790 613 1868 qui
625 1791 776 1850 timebant
789 1810 828 1849 ue
842 1791 1051 1863 laederentur;
1072 1792 1155 1850 unde
1167 1797 1215 1850 661
1226 1792 1305 1850 illud
1317 1793 1351 1851 in
1364 1798 1477 1870 quarto

269 1885 297 1936 ct
310 1897 378 1956 quos
393 1881 520 1941 Sidonio
532 1882 582 1940 616
595 1882 664 1940 who
676 1882 785 1955 recelli,
800 1884 873 1960 6616
889 1902 951 1941 666
964 1883 1130 1954 voluntate,
1145 1883 1199 1942 sed
1212 1883 1281 1942 odio
1294 1888 1351 1943 aut
1368 1886 1480 1943 timore

268 1972 502 2031 convenerant.’'

307 2061 336 2120 4.
352 2061 418 2134 674,
437 2064 606 2122 6661166166
624 2064 739 2122 6616166
757 2064 875 2123 derret.
919 2064 1042 2125 “Multi
1064 2070 1215 2144 quaerunt
1236 2067 1388 2145 quomodo
1408 2088 1478 2147 pro·

267 2151 356 2210 cedat
369 2153 436 2225 hoc,
452 2173 522 2212 eum
535 2155 603 2213 eius
616 2174 726 2212 nomen
739 2174 894 2233 nusquam
907 2158 1082 2233 sequatur.''

309 2245 336 2302 5.
350 2245 418 2304 410.
436 2244 566 2320 “Quare
588 2247 658 2304 1666
678 2267 836 2323 permaneas
849 2248 934 2324 Eryci
950 2249 1099 2325 quondam
1121 2254 1188 2308 1666
1210 2270 1296 2309 arma
1310 2249 1436 2326 ferebat,
1452 2251 1480 2310 si

266 2333 321 2395 isti
344 2341 417 2394 sunt
439 2342 557 2396 caestus
580 2337 693 2414 quibus
714 2343 823 2396 contra
846 2338 1013 2397 Herculem
1034 2340 1215 2400 dimicavit?
1257 2340 1403 2414 Solvitur,
1425 2340 1481 2401 isti

266 2427 391 2503 quidem
409 2434 484 2487 sunt
505 2435 627 2488 6666166
650 2429 762 2506 quibus
781 2428 867 2507 Eryx
881 2429 1048 2502 dimicavit,
1063 2432 1118 2491 sed
1131 2433 1157 2490 si
1171 2434 1240 2508 quis
1253 2435 1337 2492 illius
1351 2435 1480 2493 vidisset

266 2524 393 2590 caestus,
417 2520 450 2578 id
477 2525 525 2580 est
551 2520 704 2591 Herculis,
729 2521 841 2598 quibus
865 2527 975 2581 contra
1001 2522 1132 2602 Erycem
1157 2525 1240 2583 tristi
1266 2527 1479 2603 congressione

265 2612 447 2686 pugnavit.'’

309 2706 393 2777 Quod
412 2707 440 2762 si
456 2705 528 2782 6616,
551 2704 605 2764 dvc.
647 2705 779 2780 “Quare
801 2706 879 2766 (1666
892 2727 941 2766 res
954 2728 1011 2786 pro
1024 2728 1087 2769 666
1100 2709 1211 2788 posuit,
1226 2729 1298 2769 oum
1319 2709 1477 2770 debuisset

265 2795 365 2855 dicere
391 2803 447 2855 661
473 2802 593 2857 caestus
619 2802 674 2857 661
700 2795 811 2857 arma?
855 2798 996 2859 Solvitur
1022 2801 1083 2874 sic;
1118 2808 1232 2860 caestus
1263 2808 1336 2880 sunt
1362 2803 1476 2880 quibus

263 2888 443 2958 caeduntur,
459 2909 552 2960 arma,
567 2891 669 2949 omnia
682 2891 735 2949 1116
748 2896 908 2950 caestuum
922 2892 1035 2966 quibus
1048 2894 1191 2952 bracchia
1203 2894 1435 2954 innectuntur.”

239 2993 243 3002 '
304 2981 332 3039 5.
356 2981 425 3054 493,
449 2982 626 3059 “quomodo
650 2981 837 3056 Mnestheus,
866 3004 937 3043 eum
972 2983 1142 3045 Cloanthus
1174 2986 1274 3045 victor
1304 2984 1472 3046 extitemt?

265 3068 412 3143 Solvitur,
426 3073 479 3131 sed
492 3073 592 3132 victor
604 3072 781 3134 Mnestheus
794 3075 920 3147 virtute,
934 3076 988 3152 661
1003 3076 1042 3150 de
1055 3077 1164 3137 ultimo
1178 3077 1218 3136 ad
1231 3079 1357 3137 tertium
1370 3079 1474 3138 locum

263 3165 379 3237 venit,”
394 3165 448 3225 dvc.

304 3257 331 3315 5.
346 3255 413 3327 517,
429 3260 448 3289 “
460 3256 541 3316 Sane
553 3256 712 3316 sciendum
731 3257 815 3316 hunc
833 3261 935 3317 totum
954 3259 1058 3318 locum
1076 3261 1116 3319 ab
1135 3259 1269 3320 Homero
1288 3280 1354 3320 6666
1367 3281 1472 3340 sump-

262 3350 340 3405 tum.
390 3348 480 3408 Unde
502 3350 604 3409 inanis
627 3353 676 3409 est
696 3348 884 3427 vituperatio
908 3349 1028 3410 Aeneas
1054 3351 1136 3429 quod
1155 3352 1357 3430 suspenderit
1382 3373 1474 3413 avem

262 3440 462 3498 maternam.'’
1187 3493 1189 3498 .

304 3534 332 3591 5.
347 3533 415 3605 521,
431 3536 449 3563 “
459 3531 572 3612 Oulpat
591 3533 625 3591 in
641 3533 698 3592 hoc
716 3533 784 3593 1666
797 3533 972 3609 Vergilium
984 3532 1254 3612 Vergiliomastix3
1276 3539 1373 3595 artem
1386 3535 1470 3595 enim

261 3622 296 3682 in
308 3645 404 3684 vacuo
418 3628 488 3684 aiirs
501 3624 661 3684 ostendere
673 3645 737 3684 666
750 3625 882 3703 661611.”

302 3718 329 3775 5.
345 3716 413 3777 626.
434 3717 686 3776 166666161666166
704 3717 737 3775 16
757 3717 811 3775 the
831 3716 1018 3794 chronology
1037 3735 1089 3775 ars
1109 3717 1236 3794 pointed
1255 3723 1320 3789 661,
1339 3718 1401 3777 aud
1415 3718 1471 3777 the

261 3813 482 3868 commentator
495 3809 632 3868 remarks
643 3812 747 3887 f‘ergo
769 3812 891 3867 constat
908 3809 988 3867 hane
1009 3809 1218 3886 quaestionem
1238 3828 1333 3868 unam
1349 3830 1414 3869 esse
1432 3811 1473 3871 de

260 3898 481 3970 insolubilibus,
496 3919 574 3978 quas
586 3919 649 3959 non
662 3900 791 3960 dubium
805 3904 853 3958 est
866 3900 1097 3958 emendaturum
1115 3900 1211 3958 fuisse
1225 3900 1428 3978 Vergilium.'’

301 3990 328 4048 6.
344 3991 411 4062 661,
427 3994 445 4022 “
455 3991 541 4069 quasi
549 3990 619 4069 6616
633 3996 735 4049 castus
749 4010 814 4051 esse
832 3991 930 4068 possit
943 3996 1013 4068 post
1026 3995 1164 4050 mortem.
1209 3990 1271 4051 Sed
1284 3991 1369 4051 aliud
1382 3993 1469 4065 dicit,

259 4081 306 4139 66.
321 4084 376 4160 661
388 4083 516 4144 fuerunt
529 4084 607 4143 casti
621 4084 696 4142 dum
708 4087 741 4144 in
755 4083 967 4143 communione
984 4084 1065 4143 vitae
1080 4084 1303 4145 versarentur.'’

301 4173 326 4234 7.
341 4176 409 4248 268,
426 4181 443 4208 “
452 4179 530 4237 male
543 4177 633 4236 multi
647 4185 784 4256 arguunt
797 4179 1075 4257 Vergiliumquod
1087 4179 1233 4239 Latinum
1246 4181 1369 4240 induxit
1382 4183 1466 4242 ultro

258 4317 367 4370 intends
376 4319 498 4384 66616611.
531 4319 600 4370 Nam
616 4318 661 4369 hic
676 4317 711 4368 ad
720 4319 872 4384 rapiendam
882 4320 1063 4384 Proserpinam
1080 4320 1146 4370 ierat
1161 4334 1220 4370 cum
1232 4319 1357 4382 Pirithoo,
1369 4322 1397 4369 61
1411 4319 1469 4370 illic

257 4398 375 4447 retentus
392 4396 444 4448 luit
461 4411 564 4461 666666,
576 4399 606 4447 61
617 4396 684 4446 sedet
696 4401 868 4463 6616666666
879 4398 995 4449 sociabitn
1028 4397 1159 4462 Hyginus’
1169 4397 1309 4448 criticisms
1319 4412 1363 4447 are
1373 4398 1469 4462 mostly

257 4486 291 4522 on
302 4477 409 4526 matters
420 4473 449 4524 ol
457 4473 558 4539 history
568 4488 596 4524 or
606 4473 764 4538 mythology.
