3250 5059
218 469 312 537 THE
334 467 542 537 ANGIFNT
565 466 941 535 COMMENTATORS
965 467 1029 536 ΟΝ
1052 469 1225 538 VIRGIL.
1271 474 1351 538 xciii

136 648 228 707 bonis
272 645 423 724 supplicia
464 664 633 722 passorum.
706 643 881 717 Sallustius,
927 645 989 703 “in
1032 647 1191 724 suppliciis
1227 646 1353 706 deorum

137 738 327 815 magnifici.'’
826 809 828 814 ,

178 832 307 902 Nonius,
322 851 352 908 p.
367 831 496 903 100-1,
518 831 639 906 ussigns
653 831 706 890 the
719 830 880 908 following
894 832 1054 909 meanings
1069 835 1102 889 to
1116 832 1273 910 erebiqere:

178 925 309 983 Acuere:
332 922 492 998 Vergilius
506 922 557 981 lib.
572 921 647 980 Vll.
664 925 682 953 “
691 923 948 1000 subiguntquessin
962 929 1029 982 cote
1043 924 1194 982 secures.”

178 1018 335 1085 Fcercere,
348 1015 486 1073 mollire:
509 1013 625 1083 Cicero,
639 1015 752 1092 Virgil
768 1015 913 1086 Lucilius,
929 1014 982 1074 dcc.

182 1108 354 1185 Sequercre:
376 1108 489 1185 Virgil,
507 1108 646 1167 Sisenna.

182 1199 308 1279 Goqere:
339 1200 529 1278 Vergilius.
553 1245 560 1258 .
582 1243 590 1259 .
613 1201 666 1259 lib.
702 1201 760 1261 VI.
793 1204 812 1232 “
823 1202 1000 1280 subigitque
1032 1203 1175 1262 fateri:’'
1209 1202 1354 1275 Lucilius,

144 1296 286 1354 Plautus.

184 1389 317 1458 Servius,
332 1386 370 1445 A.
385 1388 413 1448 6.
424 1387 502 1448 302:
524 1390 639 1467 cubiqil
654 1434 660 1446 .
677 1433 684 1447 .
701 1432 707 1446 .
722 1394 754 1448 et
764 1392 848 1449 acuit
857 1391 1019 1468 significet,
1031 1396 1067 1449 11
1078 1391 1313 1469 “subiguntque
1323 1390 1356 1449 in

142 1485 211 1541 cote
224 1477 376 1552 secures‚”
389 1485 421 1539 et
434 1483 592 1556 compellit,
608 1485 644 1539 nt
657 1483 675 1512 “
686 1482 863 1559 subigitque
877 1482 996 1541 fateri.”

184 1573 249 1631 The
270 1577 343 1631 note
362 1592 432 1649 may
446 1573 622 1649 ultimately
636 1592 722 1632 come
735 1573 817 1632 from
830 1574 961 1633 Verrius
975 1575 1123 1633 Flaccus:
1145 1575 1226 1632 Fest.
1242 1594 1271 1652 p.
1287 1574 1355 1643 309,

142 1666 284 1723 1111111111
305 1662 395 1722 modo
413 1663 568 1741 significat
591 1665 733 1736 mollitus,
748 1666 838 1725 modo
850 1668 956 1739 victae,
971 1666 1061 1724 modo
1076 1668 1252 1741 compulsae,
1267 1667 1356 1725 modo

144 1761 271 1814 coactae.

185 1851 220 1908 P.
240 1849 309 1920 403,
338 1869 436 1908 secure
463 1850 566 1926 sequi:
598 1849 680 1908 unde
707 1856 739 1909 11
765 1855 928 1910 sectatores
955 1853 1105 1910 bonorum
1132 1858 1256 1910 sectores
1282 1852 1357 1911 dicti

143 1947 227 2001 1111.
268 1942 427 2018 Vergilius
440 1942 493 2000 lib.
507 1940 547 1999 X.
565 1944 582 1972 ‘⁴
593 1961 793 2020 quaecunque
807 1948 855 2001 est
866 1943 993 2001 fortuna
1008 1943 1105 2013 hodie,
1121 1962 1214 2020 quam
1227 1943 1358 2021 quisque

143 2039 227 2093 11111
241 2033 356 2110 spem.'’

187 2126 274 2185 Serv.
289 2123 326 2182 A.
342 2124 389 2183 10.
405 2122 484 2184 1071
513 2131 601 2194 secut,
616 2126 766 2203 sequitur,
780 2131 875 2194 tonet,
890 2127 991 2196 habet,
1007 2130 1042 2185 11
1064 2128 1083 2158 “
1094 2126 1150 2185 1111
1172 2126 1254 2185 viem
1276 2132 1360 2186 secat

146 2217 187 2276 ud
212 2216 335 2277 naves.''
390 2215 481 2275 Unde
503 2221 535 2275 et
557 2223 652 2275 sectae
675 2217 804 2276 dicimus
827 2218 953 2277 habitus
972 2219 1145 2277 animorum
1164 2223 1196 2276 et
1215 2219 1360 2277 instituta

145 2309 354 2389 philosophias
367 2309 450 2368 circe
463 2309 664 2387 disciplinam.
706 2311 811 2390 Gomp.
832 2313 918 2372 Serv.
932 2313 971 2370 A.
987 2313 1014 2371 6.
1030 2314 1098 2373 900.

188 2402 224 2460 Ρ.
238 2401 307 2470 404,
328 2402 512 2477 squalidam,
532 2402 613 2461 sicut
631 2404 821 2481 plerumque,
844 2404 959 2464 dicitnr
982 2406 1146 2464 sordidam.
1200 2404 1359 2481 Vergilius

147 2494 182 2552 in
195 2492 349 2553 Aeneidos
362 2493 414 2551 lib.
424 2494 469 2550 II.
481 2497 499 2523 “
508 2494 698 2570 squalentem
711 2495 838 2554 barbam
851 2501 885 2554 et
897 2502 1054 2555 concretos
1067 2497 1218 2574 sanguine
1231 2495 1360 2555 crines.‘’

150 2585 343 2661 squalidam,
367 2583 500 2661 fulgens.
554 2585 713 2662 Vergilius
746 2587 800 2645 lib.
827 2587 869 2645 X.
898 2592 980 2666 “per
1005 2589 1143 2647 tunicam
1169 2589 1360 2665 squalentem

146 2697 224 2737 auro
237 2678 319 2735 latus
333 2677 437 2734 haurit
449 2678 623 2753 apertum.”

193 2768 329 2839 Servius,
339 2770 378 2826 Δ.
388 2770 417 2827 2.
431 2767 490 2830 277
501 2767 622 2848 (Dan),
633 2772 817 2847 squalentem
829 2772 921 2830 modo
934 2772 1097 2843 sordidum,
1111 2772 1184 2830 alibi
1197 2773 1340 2830 1111111111
1351 2794 1360 2829 .-

152 2862 170 2891 “
181 2881 236 2940 per
262 2861 399 2920 tunicam
422 2862 612 2937 squalentem
632 2863 737 2935 auro,''
757 2883 777 2921 a
797 2864 942 2941 squamis.
996 2865 1088 2923 From
1109 2862 1225 2922 Gellius
1246 2865 1275 2922 2.
1296 2864 1315 2921 6
1336 2863 1362 2920 11

149 2971 248 3011 seems
262 2952 330 3009 that
344 2955 364 2981 “
374 2953 512 3010 tunicam
525 2952 716 3028 squalentem
729 2973 804 3012 auro
818 2954 834 2978 '’
849 2974 912 3011 was
925 2973 965 3011 au
983 2955 1158 3031 expression
1178 2952 1299 3011 blamed
1319 2953 1359 3029 by

152 3045 317 3106 Cornutus.
359 3044 476 3104 Gellius
497 3046 624 3105 defends
646 3049 673 3104 it
690 3067 723 3105 as
736 3046 865 3118 follows,
886 3048 948 3107 11.
965 3047 981 3123 §
996 3049 1035 3106 20
1055 3048 1137 3106 foll:
1176 3046 1241 3105 “ld
1258 3051 1362 3104 autern

150 3139 305 3215 significat
318 3139 437 3216 copiam
457 3139 699 3216 densitatemque
723 3142 792 3199 auri
813 3141 847 3199 iu
867 3160 1064 3217 squamarum
1091 3140 1222 3217 speciem
1242 3139 1362 3196 intexti.

153 3230 300 3306 squalere
314 3232 395 3290 enim
408 3231 525 3290 dietum
537 3250 556 3288 a
575 3251 769 3307 squamarum
789 3232 954 3292 crebritate
974 3232 1207 3309 asperitateque,
1230 3251 1308 3309 quae
1329 3232 1363 3289 in

151 3322 340 3399 serpentium
354 3322 522 3398 pisciumve
536 3323 626 3380 coriis
635 3324 785 3382 visuntur.
828 3323 926 3396 Quam
941 3343 1005 3380 rem
1018 3330 1050 3381 et
1063 3324 1115 3380 alii
1129 3327 1161 3381 et
1175 3317 1225 3381 hic
1239 3322 1363 3399 quidem

153 3420 243 3492 poeta
265 3416 340 3475 locis
362 3417 478 3492 aliquot
500 3416 696 3474 demonstret.
740 3416 868 3489 “Quem
888 3416 1006 3493 pellis,”
1028 3416 1138 3492 iuquit,
1164 3415 1300 3473 “ahenis
1325 3415 1363 3471 In

152 3507 290 3584 plumam
306 3509 442 3585 squamis
459 3527 533 3565 auro
549 3512 688 3565 conserta
707 3508 863 3584 tegebat,''
884 3508 994 3567 etalio
1016 3508 1091 3578 loco,
1115 3505 1269 3584 “Iamque
1288 3506 1364 3565 adeo

154 3599 284 3656 rutilum
294 3600 419 3658 thoraca
429 3600 556 3657 indutus
569 3599 675 3658 ahenis
688 3599 844 3659 Horrebat
856 3598 1021 3677 squamis.’'
1040 3599 1155 3658 Accius
1165 3599 1197 3657 iu
1209 3598 1364 3674 Pelopidis

154 3691 198 3749 ita
220 3692 346 3750 scribit:
369 3692 464 3750 “eius
485 3692 633 3769 serpentis
657 3713 801 3769 squamae
823 3693 960 3770 squalido
982 3713 1057 3752 auro
1080 3698 1111 3752 et
1134 3712 1272 3770 purpura
1293 3691 1364 3749 Per-

154 3782 288 3842 textae.’'
330 3783 485 3860 Quicquid
498 3783 596 3860 igitur
608 3784 700 3841 nimis
714 3784 903 3842 inculcatum
916 3785 1109 3861 obsitumque
1123 3784 1227 3861 aliqua
1240 3803 1273 3841 re
1287 3788 1363 3855 erat,

155 3879 192 3931 ut
204 3873 357 3934 incuteret
370 3875 537 3935 visentibus
550 3874 628 3933 11111
642 3895 722 3935 nova
734 3876 899 3947 horrorem,
912 3876 945 3934 id
959 3879 1094 3952 squalere
1105 3876 1270 3934 dicebatur.
1316 3875 1368 3934 Sic

156 3966 188 4024 in
215 3968 392 4045 corporibus
417 3968 545 4027 incultis
567 3969 796 4046 squamosisque
817 3969 882 4027 alta
905 3969 1062 4046 congeries
1085 3968 1221 4028 sordium
1246 3971 1370 4044 squalor

156 4058 376 4136 appellabatur,
392 4059 445 4118 dcc.

196 4153 261 4212 The
275 4156 517 4231 explanationes
536 4156 589 4215 the
604 4157 688 4215 word
701 4156 795 4233 given
808 4157 850 4234 by
865 4155 983 4215 Gellius
998 4157 1024 4214 11
1038 4157 1204 4216 somewhat
1224 4156 1371 4216 different

154 4244 235 4303 11111
258 4246 329 4304 that
352 4248 385 4307 11
408 4249 528 4308 Nouius
549 4249 609 4307 and
636 4248 769 4308 Servius.
820 4249 901 4307 Γ11111
924 4250 956 4307 11
980 4249 1097 4309 Gellius
1114 4270 1184 4327 may
1199 4250 1278 4308 have
1292 4250 1368 4307 been

156 4336 249 4395 based
262 4357 302 4395 ou
316 4358 335 4397 a
347 4344 419 4398 note
432 4340 467 4399 of
479 4340 611 4400 Verrius
630 4341 780 4399 Flaccus:
801 4340 883 4399 Fest.
899 4360 927 4417 p.
943 4341 1011 4412 328,
1025 4343 1199 4418 squalidam
1219 4340 1370 4398 incultum

154 4429 189 4483 et
208 4428 374 4578 eolpqlidum,
396 4431 478 4509 quod
498 4423 636 4509 proxime
656 4431 888 4491 similitudinem
908 4433 1000 4492 habet
1019 4452 1163 4511 squamae
1175 4432 1305 4509 piscium
1326 4431 1372 4490 sic

154 4535 233 4596 appe
278 4524 354 4579 tum.
